%YAML 1.1
%TAG !u! tag:unity3d.com,2011:
--- !u!29 &1
OcclusionCullingSettings:
  m_ObjectHideFlags: 0
  serializedVersion: 2
  m_OcclusionBakeSettings:
    smallestOccluder: 5
    smallestHole: 0.25
    backfaceThreshold: 100
  m_SceneGUID: 00000000000000000000000000000000
  m_OcclusionCullingData: {fileID: 0}
--- !u!104 &2
RenderSettings:
  m_ObjectHideFlags: 0
  serializedVersion: 7
  m_Fog: 0
  m_FogColor: {r: 0.5, g: 0.5, b: 0.5, a: 1}
  m_FogMode: 3
  m_FogDensity: 0.01
  m_LinearFogStart: 0
  m_LinearFogEnd: 300
  m_AmbientSkyColor: {r: 0.212, g: 0.227, b: 0.259, a: 1}
  m_AmbientEquatorColor: {r: 0.114, g: 0.125, b: 0.133, a: 1}
  m_AmbientGroundColor: {r: 0.047, g: 0.043, b: 0.035, a: 1}
  m_AmbientIntensity: 1
  m_AmbientMode: 0
  m_SkyboxMaterial: {fileID: 10304, guid: 0000000000000000f000000000000000, type: 0}
  m_HaloStrength: 0.5
  m_FlareStrength: 1
  m_FlareFadeSpeed: 3
  m_HaloTexture: {fileID: 0}
  m_SpotCookie: {fileID: 10001, guid: 0000000000000000e000000000000000, type: 0}
  m_DefaultReflectionMode: 0
  m_DefaultReflectionResolution: 128
  m_ReflectionBounces: 1
  m_ReflectionIntensity: 1
  m_CustomReflection: {fileID: 0}
  m_Sun: {fileID: 0}
  m_IndirectSpecularColor: {r: 0, g: 0, b: 0, a: 1}
--- !u!157 &3
LightmapSettings:
  m_ObjectHideFlags: 0
  serializedVersion: 7
  m_GIWorkflowMode: 1
  m_GISettings:
    serializedVersion: 2
    m_BounceScale: 1
    m_IndirectOutputScale: 1
    m_AlbedoBoost: 1
    m_TemporalCoherenceThreshold: 1
    m_EnvironmentLightingMode: 0
    m_EnableBakedLightmaps: 1
    m_EnableRealtimeLightmaps: 1
  m_LightmapEditorSettings:
    serializedVersion: 4
    m_Resolution: 2
    m_BakeResolution: 40
    m_TextureWidth: 1024
    m_TextureHeight: 1024
    m_AO: 0
    m_AOMaxDistance: 1
    m_CompAOExponent: 1
    m_CompAOExponentDirect: 0
    m_Padding: 2
    m_LightmapParameters: {fileID: 0}
    m_LightmapsBakeMode: 1
    m_TextureCompression: 1
    m_DirectLightInLightProbes: 1
    m_FinalGather: 0
    m_FinalGatherFiltering: 1
    m_FinalGatherRayCount: 256
    m_ReflectionCompression: 2
  m_LightingDataAsset: {fileID: 0}
  m_RuntimeCPUUsage: 25
--- !u!196 &4
NavMeshSettings:
  serializedVersion: 2
  m_ObjectHideFlags: 0
  m_BuildSettings:
    serializedVersion: 2
    agentTypeID: 0
    agentRadius: 0.5
    agentHeight: 2
    agentSlope: 45
    agentClimb: 0.4
    ledgeDropHeight: 0
    maxJumpAcrossDistance: 0
    minRegionArea: 2
    manualCellSize: 0
    cellSize: 0.16666667
    accuratePlacement: 0
  m_NavMeshData: {fileID: 0}
--- !u!1 &35827117
GameObject:
  m_ObjectHideFlags: 0
  m_PrefabParentObject: {fileID: 1000010652855520, guid: 3eddd1c29199313478dd3f912bfab2ab,
    type: 2}
  m_PrefabInternal: {fileID: 1294928635}
  serializedVersion: 5
  m_Component:
  - component: {fileID: 35827118}
  - component: {fileID: 35827120}
  - component: {fileID: 35827119}
  m_Layer: 0
  m_Name: RightHandMarkerQuad
  m_TagString: Untagged
  m_Icon: {fileID: 0}
  m_NavMeshLayer: 0
  m_StaticEditorFlags: 0
  m_IsActive: 0
--- !u!4 &35827118
Transform:
  m_ObjectHideFlags: 0
  m_PrefabParentObject: {fileID: 4000010985388306, guid: 3eddd1c29199313478dd3f912bfab2ab,
    type: 2}
  m_PrefabInternal: {fileID: 1294928635}
  m_GameObject: {fileID: 35827117}
  m_LocalRotation: {x: -0, y: -0, z: -0, w: 1}
  m_LocalPosition: {x: 0.05, y: -0.09, z: 0.9}
  m_LocalScale: {x: 0.025, y: 0.025, z: 0.025}
  m_Children: []
  m_Father: {fileID: 522520549}
  m_RootOrder: 4
  m_LocalEulerAnglesHint: {x: 0, y: 0, z: 0}
--- !u!23 &35827119
MeshRenderer:
  m_ObjectHideFlags: 0
  m_PrefabParentObject: {fileID: 23000014275679654, guid: 3eddd1c29199313478dd3f912bfab2ab,
    type: 2}
  m_PrefabInternal: {fileID: 1294928635}
  m_GameObject: {fileID: 35827117}
  m_Enabled: 1
  m_CastShadows: 1
  m_ReceiveShadows: 1
  m_MotionVectors: 1
  m_LightProbeUsage: 1
  m_ReflectionProbeUsage: 1
  m_Materials:
  - {fileID: 2100000, guid: e3614b053e3b0bd4b8efece8f50c21ad, type: 2}
  m_StaticBatchInfo:
    firstSubMesh: 0
    subMeshCount: 0
  m_StaticBatchRoot: {fileID: 0}
  m_ProbeAnchor: {fileID: 0}
  m_LightProbeVolumeOverride: {fileID: 0}
  m_ScaleInLightmap: 1
  m_PreserveUVs: 1
  m_IgnoreNormalsForChartDetection: 0
  m_ImportantGI: 0
  m_SelectedEditorRenderState: 3
  m_MinimumChartSize: 4
  m_AutoUVMaxDistance: 0.5
  m_AutoUVMaxAngle: 89
  m_LightmapParameters: {fileID: 0}
  m_SortingLayerID: 0
  m_SortingOrder: 0
--- !u!33 &35827120
MeshFilter:
  m_ObjectHideFlags: 0
  m_PrefabParentObject: {fileID: 33000011755631056, guid: 3eddd1c29199313478dd3f912bfab2ab,
    type: 2}
  m_PrefabInternal: {fileID: 1294928635}
  m_GameObject: {fileID: 35827117}
  m_Mesh: {fileID: 10210, guid: 0000000000000000e000000000000000, type: 0}
--- !u!1 &38489375
GameObject:
  m_ObjectHideFlags: 0
  m_PrefabParentObject: {fileID: 1000011021619270, guid: d379ed0a5618c9f479f58bd83a2d0ad3,
    type: 2}
  m_PrefabInternal: {fileID: 1946425813}
  serializedVersion: 5
  m_Component:
  - component: {fileID: 38489381}
  - component: {fileID: 38489380}
  - component: {fileID: 38489379}
  - component: {fileID: 38489378}
  - component: {fileID: 38489377}
  - component: {fileID: 38489376}
  m_Layer: 0
  m_Name: HoloLensCamera
  m_TagString: MainCamera
  m_Icon: {fileID: 0}
  m_NavMeshLayer: 0
  m_StaticEditorFlags: 0
  m_IsActive: 1
--- !u!114 &38489376
MonoBehaviour:
  m_ObjectHideFlags: 0
  m_PrefabParentObject: {fileID: 114000013543835744, guid: d379ed0a5618c9f479f58bd83a2d0ad3,
    type: 2}
  m_PrefabInternal: {fileID: 1946425813}
  m_GameObject: {fileID: 38489375}
  m_Enabled: 1
  m_EditorHideFlags: 0
  m_Script: {fileID: 11500000, guid: 9cf6ab24363b7a74da25766ea8ba6809, type: 3}
  m_Name: 
  m_EditorClassIdentifier: 
  MouseSupported: 1
  MouseXYRotationAxisControl: {fileID: 2115126376}
  MouseXYTranslationAxisControl: {fileID: 1911437423}
  MouseXZTranslationAxisControl: {fileID: 1584074411}
  KeyboardSupported: 1
  KeyboardXYRotationAxisControl: {fileID: 659453343}
  KeyboardXZRotationAxisControl: {fileID: 1522186553}
  KeyboardXYTranslationAxisControl: {fileID: 1016231696}
  KeyboardXZTranslationAxisControl: {fileID: 1128747904}
  JoystickSupported: 0
  JoystickXYRotationAxisControl: {fileID: 456971957}
  JoystickXYTranslationAxisControl: {fileID: 1501030190}
  JoystickXZTranslationAxisControl: {fileID: 739927567}
--- !u!81 &38489377
AudioListener:
  m_ObjectHideFlags: 0
  m_PrefabParentObject: {fileID: 81000013783107718, guid: d379ed0a5618c9f479f58bd83a2d0ad3,
    type: 2}
  m_PrefabInternal: {fileID: 1946425813}
  m_GameObject: {fileID: 38489375}
  m_Enabled: 1
--- !u!124 &38489378
Behaviour:
  m_ObjectHideFlags: 0
  m_PrefabParentObject: {fileID: 124000011504821460, guid: d379ed0a5618c9f479f58bd83a2d0ad3,
    type: 2}
  m_PrefabInternal: {fileID: 1946425813}
  m_GameObject: {fileID: 38489375}
  m_Enabled: 1
--- !u!92 &38489379
Behaviour:
  m_ObjectHideFlags: 0
  m_PrefabParentObject: {fileID: 92000010221946138, guid: d379ed0a5618c9f479f58bd83a2d0ad3,
    type: 2}
  m_PrefabInternal: {fileID: 1946425813}
  m_GameObject: {fileID: 38489375}
  m_Enabled: 1
--- !u!20 &38489380
Camera:
  m_ObjectHideFlags: 0
  m_PrefabParentObject: {fileID: 20000013304850028, guid: d379ed0a5618c9f479f58bd83a2d0ad3,
    type: 2}
  m_PrefabInternal: {fileID: 1946425813}
  m_GameObject: {fileID: 38489375}
  m_Enabled: 1
  serializedVersion: 2
  m_ClearFlags: 2
  m_BackGroundColor: {r: 0, g: 0, b: 0, a: 0}
  m_NormalizedViewPortRect:
    serializedVersion: 2
    x: 0
    y: 0
    width: 1
    height: 1
  near clip plane: 0.85
  far clip plane: 1000
  field of view: 16
  orthographic: 0
  orthographic size: 5
  m_Depth: -1
  m_CullingMask:
    serializedVersion: 2
    m_Bits: 4294967295
  m_RenderingPath: -1
  m_TargetTexture: {fileID: 0}
  m_TargetDisplay: 0
  m_TargetEye: 3
  m_HDR: 0
  m_OcclusionCulling: 1
  m_StereoConvergence: 10
  m_StereoSeparation: 0.022
  m_StereoMirrorMode: 0
--- !u!4 &38489381
Transform:
  m_ObjectHideFlags: 0
  m_PrefabParentObject: {fileID: 4000010560871102, guid: d379ed0a5618c9f479f58bd83a2d0ad3,
    type: 2}
  m_PrefabInternal: {fileID: 1946425813}
  m_GameObject: {fileID: 38489375}
  m_LocalRotation: {x: 0, y: 0, z: 0, w: 1}
  m_LocalPosition: {x: 0, y: 0, z: 0}
  m_LocalScale: {x: 1, y: 1, z: 1}
  m_Children:
  - {fileID: 715400357}
  m_Father: {fileID: 0}
  m_RootOrder: 4
  m_LocalEulerAnglesHint: {x: 0, y: 0, z: 0}
--- !u!1 &83697786
GameObject:
  m_ObjectHideFlags: 0
  m_PrefabParentObject: {fileID: 1000011070707148, guid: 3eddd1c29199313478dd3f912bfab2ab,
    type: 2}
  m_PrefabInternal: {fileID: 1294928635}
  serializedVersion: 5
  m_Component:
  - component: {fileID: 83697791}
  - component: {fileID: 83697790}
  - component: {fileID: 83697789}
  - component: {fileID: 83697788}
  - component: {fileID: 83697787}
  m_Layer: 0
  m_Name: InputManager
  m_TagString: Untagged
  m_Icon: {fileID: 0}
  m_NavMeshLayer: 0
  m_StaticEditorFlags: 0
  m_IsActive: 1
--- !u!114 &83697787
MonoBehaviour:
  m_ObjectHideFlags: 0
  m_PrefabParentObject: {fileID: 114000013868099214, guid: 3eddd1c29199313478dd3f912bfab2ab,
    type: 2}
  m_PrefabInternal: {fileID: 1294928635}
  m_GameObject: {fileID: 83697786}
  m_Enabled: 1
  m_EditorHideFlags: 0
  m_Script: {fileID: 11500000, guid: 37870ab7a81bfb74b9fa277cf45b06d2, type: 3}
  m_Name: 
  m_EditorClassIdentifier: 
  SetStabilizationPlane: 1
  UseUnscaledTime: 1
  LerpStabilizationPlanePowerCloser: 4
  LerpStabilizationPlanePowerFarther: 7
  targetOverride: {fileID: 0}
  trackVelocity: 0
  UseGazeManager: 1
  DefaultPlaneDistance: 2
  DrawGizmos: 0
--- !u!114 &83697788
MonoBehaviour:
  m_ObjectHideFlags: 0
  m_PrefabParentObject: {fileID: 114000012434513746, guid: 3eddd1c29199313478dd3f912bfab2ab,
    type: 2}
  m_PrefabInternal: {fileID: 1294928635}
  m_GameObject: {fileID: 83697786}
  m_Enabled: 1
  m_EditorHideFlags: 0
  m_Script: {fileID: 11500000, guid: b160d197a8ca1894796ae263bafec0ac, type: 3}
  m_Name: 
  m_EditorClassIdentifier: 
--- !u!114 &83697789
MonoBehaviour:
  m_ObjectHideFlags: 0
  m_PrefabParentObject: {fileID: 114000011980027866, guid: 3eddd1c29199313478dd3f912bfab2ab,
    type: 2}
  m_PrefabInternal: {fileID: 1294928635}
  m_GameObject: {fileID: 83697786}
  m_Enabled: 1
  m_EditorHideFlags: 0
  m_Script: {fileID: 11500000, guid: b81e3e700505863408cacaa0346cb1a6, type: 3}
  m_Name: 
  m_EditorClassIdentifier: 
  StoredStabilitySamples: 60
--- !u!114 &83697790
MonoBehaviour:
  m_ObjectHideFlags: 0
  m_PrefabParentObject: {fileID: 114000012009196210, guid: 3eddd1c29199313478dd3f912bfab2ab,
    type: 2}
  m_PrefabInternal: {fileID: 1294928635}
  m_GameObject: {fileID: 83697786}
  m_Enabled: 1
  m_EditorHideFlags: 0
  m_Script: {fileID: 11500000, guid: 4d1a2a33ffcac354298137001635a001, type: 3}
  m_Name: 
  m_EditorClassIdentifier: 
  MaxGazeCollisionDistance: 10
  RaycastLayerMasks:
  - serializedVersion: 2
    m_Bits: 4294967291
  Stabilizer: {fileID: 83697789}
  GazeTransform: {fileID: 0}
--- !u!4 &83697791
Transform:
  m_ObjectHideFlags: 0
  m_PrefabParentObject: {fileID: 4000011656901714, guid: 3eddd1c29199313478dd3f912bfab2ab,
    type: 2}
  m_PrefabInternal: {fileID: 1294928635}
  m_GameObject: {fileID: 83697786}
  m_LocalRotation: {x: 0, y: 0, z: 0, w: 1}
  m_LocalPosition: {x: 0, y: 0, z: 0}
  m_LocalScale: {x: 1, y: 1, z: 1}
  m_Children:
  - {fileID: 1594215800}
  - {fileID: 1493459904}
  - {fileID: 549815674}
  m_Father: {fileID: 0}
  m_RootOrder: 2
  m_LocalEulerAnglesHint: {x: 0, y: 0, z: 0}
--- !u!1 &106269591
GameObject:
  m_ObjectHideFlags: 0
  m_PrefabParentObject: {fileID: 1000013803292764, guid: 3eddd1c29199313478dd3f912bfab2ab,
    type: 2}
  m_PrefabInternal: {fileID: 1294928635}
  serializedVersion: 5
  m_Component:
  - component: {fileID: 106269592}
  - component: {fileID: 106269593}
  m_Layer: 0
  m_Name: FingerDownButton
  m_TagString: Untagged
  m_Icon: {fileID: 0}
  m_NavMeshLayer: 0
  m_StaticEditorFlags: 0
  m_IsActive: 1
--- !u!4 &106269592
Transform:
  m_ObjectHideFlags: 0
  m_PrefabParentObject: {fileID: 4000013940582514, guid: 3eddd1c29199313478dd3f912bfab2ab,
    type: 2}
  m_PrefabInternal: {fileID: 1294928635}
  m_GameObject: {fileID: 106269591}
  m_LocalRotation: {x: 0, y: 0, z: 0, w: 1}
  m_LocalPosition: {x: 0, y: 0, z: 0}
  m_LocalScale: {x: 1, y: 1, z: 1}
  m_Children: []
  m_Father: {fileID: 120999261}
  m_RootOrder: 3
  m_LocalEulerAnglesHint: {x: 0, y: 0, z: 0}
--- !u!114 &106269593
MonoBehaviour:
  m_ObjectHideFlags: 0
  m_PrefabParentObject: {fileID: 114000010332641428, guid: 3eddd1c29199313478dd3f912bfab2ab,
    type: 2}
  m_PrefabInternal: {fileID: 1294928635}
  m_GameObject: {fileID: 106269591}
  m_Enabled: 1
  m_EditorHideFlags: 0
  m_Script: {fileID: 11500000, guid: 1350e83623c005741ad0d1b09834ed62, type: 3}
  m_Name: 
  m_EditorClassIdentifier: 
  buttonType: 12
--- !u!1 &120999260
GameObject:
  m_ObjectHideFlags: 0
  m_PrefabParentObject: {fileID: 1000013347501094, guid: 3eddd1c29199313478dd3f912bfab2ab,
    type: 2}
  m_PrefabInternal: {fileID: 1294928635}
  serializedVersion: 5
  m_Component:
  - component: {fileID: 120999261}
  m_Layer: 0
  m_Name: LeftHand
  m_TagString: Untagged
  m_Icon: {fileID: 0}
  m_NavMeshLayer: 0
  m_StaticEditorFlags: 0
  m_IsActive: 1
--- !u!4 &120999261
Transform:
  m_ObjectHideFlags: 0
  m_PrefabParentObject: {fileID: 4000012746438650, guid: 3eddd1c29199313478dd3f912bfab2ab,
    type: 2}
  m_PrefabInternal: {fileID: 1294928635}
  m_GameObject: {fileID: 120999260}
  m_LocalRotation: {x: 0, y: 0, z: 0, w: 1}
  m_LocalPosition: {x: 0, y: 0, z: 0}
  m_LocalScale: {x: 1, y: 1, z: 1}
  m_Children:
  - {fileID: 756376155}
  - {fileID: 408046200}
  - {fileID: 796877404}
  - {fileID: 106269592}
  - {fileID: 2092513647}
  m_Father: {fileID: 1393527388}
  m_RootOrder: 0
  m_LocalEulerAnglesHint: {x: 0, y: 0, z: 0}
--- !u!1 &164895484
GameObject:
  m_ObjectHideFlags: 0
  m_PrefabParentObject: {fileID: 1000011025849994, guid: 3eddd1c29199313478dd3f912bfab2ab,
    type: 2}
  m_PrefabInternal: {fileID: 1294928635}
  serializedVersion: 5
  m_Component:
  - component: {fileID: 164895485}
  - component: {fileID: 164895486}
  m_Layer: 0
  m_Name: XYTranslationAxis
  m_TagString: Untagged
  m_Icon: {fileID: 0}
  m_NavMeshLayer: 0
  m_StaticEditorFlags: 0
  m_IsActive: 1
--- !u!4 &164895485
Transform:
  m_ObjectHideFlags: 0
  m_PrefabParentObject: {fileID: 4000012897398672, guid: 3eddd1c29199313478dd3f912bfab2ab,
    type: 2}
  m_PrefabInternal: {fileID: 1294928635}
  m_GameObject: {fileID: 164895484}
  m_LocalRotation: {x: 0, y: 0, z: 0, w: 1}
  m_LocalPosition: {x: 0, y: 0, z: 0}
  m_LocalScale: {x: 1, y: 1, z: 1}
  m_Children: []
  m_Father: {fileID: 522520549}
  m_RootOrder: 0
  m_LocalEulerAnglesHint: {x: 0, y: 0, z: 0}
--- !u!114 &164895486
MonoBehaviour:
  m_ObjectHideFlags: 0
  m_PrefabParentObject: {fileID: 114000013734435004, guid: 3eddd1c29199313478dd3f912bfab2ab,
    type: 2}
  m_PrefabInternal: {fileID: 1294928635}
  m_GameObject: {fileID: 164895484}
  m_Enabled: 1
  m_EditorHideFlags: 0
  m_Script: {fileID: 11500000, guid: d1b627838df61e64baecc87fee2dec17, type: 3}
  m_Name: 
  m_EditorClassIdentifier: 
  SensitivityScale: 1
  UseUnscaledTime: 1
  axisType: 11
  buttonType: 6
  InputManagerHorizontalAxisName: 
  InputManagerVerticalAxisName: 
  Axis0Destination: 3
  Axis1Destination: 0
  Axis2Destination: 6
--- !u!1 &309207596
GameObject:
  m_ObjectHideFlags: 0
  m_PrefabParentObject: {fileID: 1000012685836518, guid: 3eddd1c29199313478dd3f912bfab2ab,
    type: 2}
  m_PrefabInternal: {fileID: 1294928635}
  serializedVersion: 5
  m_Component:
  - component: {fileID: 309207597}
  - component: {fileID: 309207598}
  m_Layer: 0
  m_Name: FingerUpButton
  m_TagString: Untagged
  m_Icon: {fileID: 0}
  m_NavMeshLayer: 0
  m_StaticEditorFlags: 0
  m_IsActive: 1
--- !u!4 &309207597
Transform:
  m_ObjectHideFlags: 0
  m_PrefabParentObject: {fileID: 4000014269641458, guid: 3eddd1c29199313478dd3f912bfab2ab,
    type: 2}
  m_PrefabInternal: {fileID: 1294928635}
  m_GameObject: {fileID: 309207596}
  m_LocalRotation: {x: 0, y: 0, z: 0, w: 1}
  m_LocalPosition: {x: 0, y: 0, z: 0}
  m_LocalScale: {x: 1, y: 1, z: 1}
  m_Children: []
  m_Father: {fileID: 522520549}
  m_RootOrder: 2
  m_LocalEulerAnglesHint: {x: 0, y: 0, z: 0}
--- !u!114 &309207598
MonoBehaviour:
  m_ObjectHideFlags: 0
  m_PrefabParentObject: {fileID: 114000011211768160, guid: 3eddd1c29199313478dd3f912bfab2ab,
    type: 2}
  m_PrefabInternal: {fileID: 1294928635}
  m_GameObject: {fileID: 309207596}
  m_Enabled: 1
  m_EditorHideFlags: 0
  m_Script: {fileID: 11500000, guid: 1350e83623c005741ad0d1b09834ed62, type: 3}
  m_Name: 
  m_EditorClassIdentifier: 
  buttonType: 18
--- !u!1 &408046199
GameObject:
  m_ObjectHideFlags: 0
  m_PrefabParentObject: {fileID: 1000012835389718, guid: 3eddd1c29199313478dd3f912bfab2ab,
    type: 2}
  m_PrefabInternal: {fileID: 1294928635}
  serializedVersion: 5
  m_Component:
  - component: {fileID: 408046200}
  - component: {fileID: 408046201}
  m_Layer: 0
  m_Name: XZTranslationAxis
  m_TagString: Untagged
  m_Icon: {fileID: 0}
  m_NavMeshLayer: 0
  m_StaticEditorFlags: 0
  m_IsActive: 1
--- !u!4 &408046200
Transform:
  m_ObjectHideFlags: 0
  m_PrefabParentObject: {fileID: 4000012179495490, guid: 3eddd1c29199313478dd3f912bfab2ab,
    type: 2}
  m_PrefabInternal: {fileID: 1294928635}
  m_GameObject: {fileID: 408046199}
  m_LocalRotation: {x: 0, y: 0, z: 0, w: 1}
  m_LocalPosition: {x: 0, y: 0, z: 0}
  m_LocalScale: {x: 1, y: 1, z: 1}
  m_Children: []
  m_Father: {fileID: 120999261}
  m_RootOrder: 1
  m_LocalEulerAnglesHint: {x: 0, y: 0, z: 0}
--- !u!114 &408046201
MonoBehaviour:
  m_ObjectHideFlags: 0
  m_PrefabParentObject: {fileID: 114000010160081412, guid: 3eddd1c29199313478dd3f912bfab2ab,
    type: 2}
  m_PrefabInternal: {fileID: 1294928635}
  m_GameObject: {fileID: 408046199}
  m_Enabled: 1
  m_EditorHideFlags: 0
  m_Script: {fileID: 11500000, guid: d1b627838df61e64baecc87fee2dec17, type: 3}
  m_Name: 
  m_EditorClassIdentifier: 
  SensitivityScale: 0.5
  UseUnscaledTime: 1
  axisType: 12
  buttonType: 4
  InputManagerHorizontalAxisName: 
  InputManagerVerticalAxisName: 
  Axis0Destination: 4
  Axis1Destination: 6
  Axis2Destination: 6
--- !u!1 &456971955
GameObject:
  m_ObjectHideFlags: 0
  m_PrefabParentObject: {fileID: 1000014073514604, guid: d379ed0a5618c9f479f58bd83a2d0ad3,
    type: 2}
  m_PrefabInternal: {fileID: 1946425813}
  serializedVersion: 5
  m_Component:
  - component: {fileID: 456971956}
  - component: {fileID: 456971957}
  m_Layer: 0
  m_Name: JoystickXYRotationAxis
  m_TagString: Untagged
  m_Icon: {fileID: 0}
  m_NavMeshLayer: 0
  m_StaticEditorFlags: 0
  m_IsActive: 1
--- !u!4 &456971956
Transform:
  m_ObjectHideFlags: 0
  m_PrefabParentObject: {fileID: 4000012610367806, guid: d379ed0a5618c9f479f58bd83a2d0ad3,
    type: 2}
  m_PrefabInternal: {fileID: 1946425813}
  m_GameObject: {fileID: 456971955}
  m_LocalRotation: {x: -0, y: -0, z: -0, w: 1}
  m_LocalPosition: {x: 0, y: 0, z: 0}
  m_LocalScale: {x: 1, y: 1, z: 1}
  m_Children: []
  m_Father: {fileID: 715400357}
  m_RootOrder: 7
  m_LocalEulerAnglesHint: {x: 0, y: 0, z: 0}
--- !u!114 &456971957
MonoBehaviour:
  m_ObjectHideFlags: 0
  m_PrefabParentObject: {fileID: 114000013649663976, guid: d379ed0a5618c9f479f58bd83a2d0ad3,
    type: 2}
  m_PrefabInternal: {fileID: 1946425813}
  m_GameObject: {fileID: 456971955}
  m_Enabled: 0
  m_EditorHideFlags: 0
  m_Script: {fileID: 11500000, guid: d1b627838df61e64baecc87fee2dec17, type: 3}
  m_Name: 
  m_EditorClassIdentifier: 
  SensitivityScale: 3
  UseUnscaledTime: 1
  axisType: 0
  buttonType: 21
  InputManagerHorizontalAxisName: LeftStickHorizontal
  InputManagerVerticalAxisName: LeftStickVertical
  Axis0Destination: 2
  Axis1Destination: 0
  Axis2Destination: 6
--- !u!1 &504140629
GameObject:
  m_ObjectHideFlags: 0
  m_PrefabParentObject: {fileID: 1000010849031070, guid: 3eddd1c29199313478dd3f912bfab2ab,
    type: 2}
  m_PrefabInternal: {fileID: 1294928635}
  serializedVersion: 5
  m_Component:
  - component: {fileID: 504140630}
  - component: {fileID: 504140631}
  m_Layer: 0
  m_Name: XZTranslationAxis
  m_TagString: Untagged
  m_Icon: {fileID: 0}
  m_NavMeshLayer: 0
  m_StaticEditorFlags: 0
  m_IsActive: 1
--- !u!4 &504140630
Transform:
  m_ObjectHideFlags: 0
  m_PrefabParentObject: {fileID: 4000012383807932, guid: 3eddd1c29199313478dd3f912bfab2ab,
    type: 2}
  m_PrefabInternal: {fileID: 1294928635}
  m_GameObject: {fileID: 504140629}
  m_LocalRotation: {x: 0, y: 0, z: 0, w: 1}
  m_LocalPosition: {x: 0, y: 0, z: 0}
  m_LocalScale: {x: 1, y: 1, z: 1}
  m_Children: []
  m_Father: {fileID: 522520549}
  m_RootOrder: 1
  m_LocalEulerAnglesHint: {x: 0, y: 0, z: 0}
--- !u!114 &504140631
MonoBehaviour:
  m_ObjectHideFlags: 0
  m_PrefabParentObject: {fileID: 114000013944478910, guid: 3eddd1c29199313478dd3f912bfab2ab,
    type: 2}
  m_PrefabInternal: {fileID: 1294928635}
  m_GameObject: {fileID: 504140629}
  m_Enabled: 1
  m_EditorHideFlags: 0
  m_Script: {fileID: 11500000, guid: d1b627838df61e64baecc87fee2dec17, type: 3}
  m_Name: 
  m_EditorClassIdentifier: 
  SensitivityScale: 0.5
  UseUnscaledTime: 1
  axisType: 12
  buttonType: 6
  InputManagerHorizontalAxisName: 
  InputManagerVerticalAxisName: 
  Axis0Destination: 4
  Axis1Destination: 6
  Axis2Destination: 6
--- !u!1 &522520548
GameObject:
  m_ObjectHideFlags: 0
  m_PrefabParentObject: {fileID: 1000014258050880, guid: 3eddd1c29199313478dd3f912bfab2ab,
    type: 2}
  m_PrefabInternal: {fileID: 1294928635}
  serializedVersion: 5
  m_Component:
  - component: {fileID: 522520549}
  m_Layer: 0
  m_Name: RightHand
  m_TagString: Untagged
  m_Icon: {fileID: 0}
  m_NavMeshLayer: 0
  m_StaticEditorFlags: 0
  m_IsActive: 1
--- !u!4 &522520549
Transform:
  m_ObjectHideFlags: 0
  m_PrefabParentObject: {fileID: 4000012651543500, guid: 3eddd1c29199313478dd3f912bfab2ab,
    type: 2}
  m_PrefabInternal: {fileID: 1294928635}
  m_GameObject: {fileID: 522520548}
  m_LocalRotation: {x: 0, y: 0, z: 0, w: 1}
  m_LocalPosition: {x: 0, y: 0, z: 0}
  m_LocalScale: {x: 1, y: 1, z: 1}
  m_Children:
  - {fileID: 164895485}
  - {fileID: 504140630}
  - {fileID: 309207597}
  - {fileID: 2138907466}
  - {fileID: 35827118}
  m_Father: {fileID: 1393527388}
  m_RootOrder: 1
  m_LocalEulerAnglesHint: {x: 0, y: 0, z: 0}
--- !u!1 &549815673
GameObject:
  m_ObjectHideFlags: 0
  m_PrefabParentObject: {fileID: 1000012616863954, guid: 3eddd1c29199313478dd3f912bfab2ab,
    type: 2}
  m_PrefabInternal: {fileID: 1294928635}
  serializedVersion: 5
  m_Component:
  - component: {fileID: 549815674}
  - component: {fileID: 549815675}
  m_Layer: 0
  m_Name: GesturesInput
  m_TagString: Untagged
  m_Icon: {fileID: 0}
  m_NavMeshLayer: 0
  m_StaticEditorFlags: 0
  m_IsActive: 1
--- !u!4 &549815674
Transform:
  m_ObjectHideFlags: 0
  m_PrefabParentObject: {fileID: 4000010261267946, guid: 3eddd1c29199313478dd3f912bfab2ab,
    type: 2}
  m_PrefabInternal: {fileID: 1294928635}
  m_GameObject: {fileID: 549815673}
  m_LocalRotation: {x: 0, y: 0, z: 0, w: 1}
  m_LocalPosition: {x: 0, y: 0, z: 0}
  m_LocalScale: {x: 1, y: 1, z: 1}
  m_Children: []
  m_Father: {fileID: 83697791}
  m_RootOrder: 2
  m_LocalEulerAnglesHint: {x: 0, y: 0, z: 0}
--- !u!114 &549815675
MonoBehaviour:
  m_ObjectHideFlags: 0
  m_PrefabParentObject: {fileID: 114000012864906760, guid: 3eddd1c29199313478dd3f912bfab2ab,
    type: 2}
  m_PrefabInternal: {fileID: 1294928635}
  m_GameObject: {fileID: 549815673}
  m_Enabled: 1
  m_EditorHideFlags: 0
  m_Script: {fileID: 11500000, guid: d40781677294a0e4caffa3460012ae41, type: 3}
  m_Name: 
  m_EditorClassIdentifier: 
  UseRailsNavigation: 0
--- !u!1 &659453341
GameObject:
  m_ObjectHideFlags: 0
  m_PrefabParentObject: {fileID: 1000012373135252, guid: d379ed0a5618c9f479f58bd83a2d0ad3,
    type: 2}
  m_PrefabInternal: {fileID: 1946425813}
  serializedVersion: 5
  m_Component:
  - component: {fileID: 659453342}
  - component: {fileID: 659453343}
  m_Layer: 0
  m_Name: KeyboardXYRotationAxis
  m_TagString: Untagged
  m_Icon: {fileID: 0}
  m_NavMeshLayer: 0
  m_StaticEditorFlags: 0
  m_IsActive: 1
--- !u!4 &659453342
Transform:
  m_ObjectHideFlags: 0
  m_PrefabParentObject: {fileID: 4000011800569768, guid: d379ed0a5618c9f479f58bd83a2d0ad3,
    type: 2}
  m_PrefabInternal: {fileID: 1946425813}
  m_GameObject: {fileID: 659453341}
  m_LocalRotation: {x: -0, y: -0, z: -0, w: 1}
  m_LocalPosition: {x: 0, y: 0, z: 0}
  m_LocalScale: {x: 1, y: 1, z: 1}
  m_Children: []
  m_Father: {fileID: 715400357}
  m_RootOrder: 3
  m_LocalEulerAnglesHint: {x: 0, y: 0, z: 0}
--- !u!114 &659453343
MonoBehaviour:
  m_ObjectHideFlags: 0
  m_PrefabParentObject: {fileID: 114000012889557236, guid: d379ed0a5618c9f479f58bd83a2d0ad3,
    type: 2}
  m_PrefabInternal: {fileID: 1946425813}
  m_GameObject: {fileID: 659453341}
  m_Enabled: 1
  m_EditorHideFlags: 0
  m_Script: {fileID: 11500000, guid: d1b627838df61e64baecc87fee2dec17, type: 3}
  m_Name: 
  m_EditorClassIdentifier: 
  SensitivityScale: 1
  UseUnscaledTime: 1
  axisType: 6
  buttonType: 21
  InputManagerHorizontalAxisName: 
  InputManagerVerticalAxisName: 
  Axis0Destination: 2
  Axis1Destination: 1
  Axis2Destination: 6
--- !u!1 &715400356
GameObject:
  m_ObjectHideFlags: 0
  m_PrefabParentObject: {fileID: 1000011489060388, guid: d379ed0a5618c9f479f58bd83a2d0ad3,
    type: 2}
  m_PrefabInternal: {fileID: 1946425813}
  serializedVersion: 5
  m_Component:
  - component: {fileID: 715400357}
  m_Layer: 0
  m_Name: GazeControls
  m_TagString: Untagged
  m_Icon: {fileID: 0}
  m_NavMeshLayer: 0
  m_StaticEditorFlags: 0
  m_IsActive: 1
--- !u!4 &715400357
Transform:
  m_ObjectHideFlags: 0
  m_PrefabParentObject: {fileID: 4000010510211078, guid: d379ed0a5618c9f479f58bd83a2d0ad3,
    type: 2}
  m_PrefabInternal: {fileID: 1946425813}
  m_GameObject: {fileID: 715400356}
  m_LocalRotation: {x: 0, y: 0, z: 0, w: 1}
  m_LocalPosition: {x: 0, y: 0, z: 0}
  m_LocalScale: {x: 1, y: 1, z: 1}
  m_Children:
  - {fileID: 2115126375}
  - {fileID: 1911437422}
  - {fileID: 1584074410}
  - {fileID: 659453342}
  - {fileID: 1522186552}
  - {fileID: 1016231695}
  - {fileID: 1128747903}
  - {fileID: 456971956}
  - {fileID: 1501030189}
  - {fileID: 739927568}
  m_Father: {fileID: 38489381}
  m_RootOrder: 0
  m_LocalEulerAnglesHint: {x: 0, y: 0, z: 0}
--- !u!1 &739316133
GameObject:
  m_ObjectHideFlags: 0
  m_PrefabParentObject: {fileID: 1000013615056792, guid: b2db04283121ca74495c2ee000fb4243,
    type: 2}
  m_PrefabInternal: {fileID: 1394269739}
  serializedVersion: 5
  m_Component:
  - component: {fileID: 739316134}
  m_Layer: 2
  m_Name: CursorOffHolograms
  m_TagString: Untagged
  m_Icon: {fileID: 0}
  m_NavMeshLayer: 0
  m_StaticEditorFlags: 0
  m_IsActive: 1
--- !u!4 &739316134
Transform:
  m_ObjectHideFlags: 0
  m_PrefabParentObject: {fileID: 4000013144497514, guid: b2db04283121ca74495c2ee000fb4243,
    type: 2}
  m_PrefabInternal: {fileID: 1394269739}
  m_GameObject: {fileID: 739316133}
  m_LocalRotation: {x: 0, y: 0, z: 0, w: 1}
  m_LocalPosition: {x: 0, y: 0, z: 0}
  m_LocalScale: {x: 0.005, y: 0.005, z: 0.005}
  m_Children:
  - {fileID: 1078743350}
  m_Father: {fileID: 742156577}
  m_RootOrder: 1
  m_LocalEulerAnglesHint: {x: 0, y: 0, z: 0}
--- !u!1 &739927566
GameObject:
  m_ObjectHideFlags: 0
  m_PrefabParentObject: {fileID: 1000010136702736, guid: d379ed0a5618c9f479f58bd83a2d0ad3,
    type: 2}
  m_PrefabInternal: {fileID: 1946425813}
  serializedVersion: 5
  m_Component:
  - component: {fileID: 739927568}
  - component: {fileID: 739927567}
  m_Layer: 0
  m_Name: JoystickXZTranslationAxis
  m_TagString: Untagged
  m_Icon: {fileID: 0}
  m_NavMeshLayer: 0
  m_StaticEditorFlags: 0
  m_IsActive: 1
--- !u!114 &739927567
MonoBehaviour:
  m_ObjectHideFlags: 0
  m_PrefabParentObject: {fileID: 114000011221680894, guid: d379ed0a5618c9f479f58bd83a2d0ad3,
    type: 2}
  m_PrefabInternal: {fileID: 1946425813}
  m_GameObject: {fileID: 739927566}
  m_Enabled: 0
  m_EditorHideFlags: 0
  m_Script: {fileID: 11500000, guid: d1b627838df61e64baecc87fee2dec17, type: 3}
  m_Name: 
  m_EditorClassIdentifier: 
  SensitivityScale: 3
  UseUnscaledTime: 1
  axisType: 0
  buttonType: 21
  InputManagerHorizontalAxisName: RightStickHorizontal
  InputManagerVerticalAxisName: RightStickVertical
  Axis0Destination: 0
  Axis1Destination: 4
  Axis2Destination: 6
--- !u!4 &739927568
Transform:
  m_ObjectHideFlags: 0
  m_PrefabParentObject: {fileID: 4000010085977160, guid: d379ed0a5618c9f479f58bd83a2d0ad3,
    type: 2}
  m_PrefabInternal: {fileID: 1946425813}
  m_GameObject: {fileID: 739927566}
  m_LocalRotation: {x: -0, y: -0, z: -0, w: 1}
  m_LocalPosition: {x: 0, y: 0, z: 0}
  m_LocalScale: {x: 1, y: 1, z: 1}
  m_Children: []
  m_Father: {fileID: 715400357}
  m_RootOrder: 9
  m_LocalEulerAnglesHint: {x: 0, y: 0, z: 0}
--- !u!1 &742156575
GameObject:
  m_ObjectHideFlags: 0
  m_PrefabParentObject: {fileID: 1000012943254746, guid: b2db04283121ca74495c2ee000fb4243,
    type: 2}
  m_PrefabInternal: {fileID: 1394269739}
  serializedVersion: 5
  m_Component:
  - component: {fileID: 742156577}
  - component: {fileID: 742156576}
  m_Layer: 2
  m_Name: Cursor
  m_TagString: Untagged
  m_Icon: {fileID: 0}
  m_NavMeshLayer: 0
  m_StaticEditorFlags: 0
  m_IsActive: 1
--- !u!114 &742156576
MonoBehaviour:
  m_ObjectHideFlags: 0
  m_PrefabParentObject: {fileID: 114000013851064060, guid: b2db04283121ca74495c2ee000fb4243,
    type: 2}
  m_PrefabInternal: {fileID: 1394269739}
  m_GameObject: {fileID: 742156575}
  m_Enabled: 1
  m_EditorHideFlags: 0
  m_Script: {fileID: 11500000, guid: afa1ae235bc6cfa43addd1435e2fd822, type: 3}
  m_Name: 
  m_EditorClassIdentifier: 
  MinCursorDistance: 1
  DefaultCursorDistance: 2
  SurfaceCursorDistance: 0.02
  UseUnscaledTime: 1
  PositionLerpTime: 0.01
  ScaleLerpTime: 0.01
  RotationLerpTime: 0.01
  LookRotationBlend: 0.5
  PrimaryCursorVisual: {fileID: 0}
  CursorStateData:
  - Name: On Hologram
    CursorState: 1
    CursorObject: {fileID: 1262935196}
  - Name: On Hologram
    CursorState: 3
    CursorObject: {fileID: 1262935196}
  - Name: Off Hologram
    CursorState: 0
    CursorObject: {fileID: 739316133}
  - Name: Off Hologram
    CursorState: 2
    CursorObject: {fileID: 739316133}
  ParentTransform: {fileID: 0}
--- !u!4 &742156577
Transform:
  m_ObjectHideFlags: 0
  m_PrefabParentObject: {fileID: 4000013535415816, guid: b2db04283121ca74495c2ee000fb4243,
    type: 2}
  m_PrefabInternal: {fileID: 1394269739}
  m_GameObject: {fileID: 742156575}
  m_LocalRotation: {x: 0, y: 0, z: 0, w: 1}
  m_LocalPosition: {x: 0, y: 0, z: 0}
  m_LocalScale: {x: 1, y: 1, z: 1}
  m_Children:
  - {fileID: 1262935199}
  - {fileID: 739316134}
  m_Father: {fileID: 0}
  m_RootOrder: 3
  m_LocalEulerAnglesHint: {x: 0, y: 0, z: 0}
--- !u!1 &756376154
GameObject:
  m_ObjectHideFlags: 0
  m_PrefabParentObject: {fileID: 1000010722508446, guid: 3eddd1c29199313478dd3f912bfab2ab,
    type: 2}
  m_PrefabInternal: {fileID: 1294928635}
  serializedVersion: 5
  m_Component:
  - component: {fileID: 756376155}
  - component: {fileID: 756376156}
  m_Layer: 0
  m_Name: XYTranslationAxis
  m_TagString: Untagged
  m_Icon: {fileID: 0}
  m_NavMeshLayer: 0
  m_StaticEditorFlags: 0
  m_IsActive: 1
--- !u!4 &756376155
Transform:
  m_ObjectHideFlags: 0
  m_PrefabParentObject: {fileID: 4000011352983594, guid: 3eddd1c29199313478dd3f912bfab2ab,
    type: 2}
  m_PrefabInternal: {fileID: 1294928635}
  m_GameObject: {fileID: 756376154}
  m_LocalRotation: {x: 0, y: 0, z: 0, w: 1}
  m_LocalPosition: {x: 0, y: 0, z: 0}
  m_LocalScale: {x: 1, y: 1, z: 1}
  m_Children: []
  m_Father: {fileID: 120999261}
  m_RootOrder: 0
  m_LocalEulerAnglesHint: {x: 0, y: 0, z: 0}
--- !u!114 &756376156
MonoBehaviour:
  m_ObjectHideFlags: 0
  m_PrefabParentObject: {fileID: 114000013582617810, guid: 3eddd1c29199313478dd3f912bfab2ab,
    type: 2}
  m_PrefabInternal: {fileID: 1294928635}
  m_GameObject: {fileID: 756376154}
  m_Enabled: 1
  m_EditorHideFlags: 0
  m_Script: {fileID: 11500000, guid: d1b627838df61e64baecc87fee2dec17, type: 3}
  m_Name: 
  m_EditorClassIdentifier: 
  SensitivityScale: 1
  UseUnscaledTime: 1
  axisType: 11
  buttonType: 4
  InputManagerHorizontalAxisName: 
  InputManagerVerticalAxisName: 
  Axis0Destination: 3
  Axis1Destination: 0
  Axis2Destination: 6
--- !u!1 &796877403
GameObject:
  m_ObjectHideFlags: 0
  m_PrefabParentObject: {fileID: 1000012017714622, guid: 3eddd1c29199313478dd3f912bfab2ab,
    type: 2}
  m_PrefabInternal: {fileID: 1294928635}
  serializedVersion: 5
  m_Component:
  - component: {fileID: 796877404}
  - component: {fileID: 796877405}
  m_Layer: 0
  m_Name: FingerUpButton
  m_TagString: Untagged
  m_Icon: {fileID: 0}
  m_NavMeshLayer: 0
  m_StaticEditorFlags: 0
  m_IsActive: 1
--- !u!4 &796877404
Transform:
  m_ObjectHideFlags: 0
  m_PrefabParentObject: {fileID: 4000010470096086, guid: 3eddd1c29199313478dd3f912bfab2ab,
    type: 2}
  m_PrefabInternal: {fileID: 1294928635}
  m_GameObject: {fileID: 796877403}
  m_LocalRotation: {x: 0, y: 0, z: 0, w: 1}
  m_LocalPosition: {x: 0, y: 0, z: 0}
  m_LocalScale: {x: 1, y: 1, z: 1}
  m_Children: []
  m_Father: {fileID: 120999261}
  m_RootOrder: 2
  m_LocalEulerAnglesHint: {x: 0, y: 0, z: 0}
--- !u!114 &796877405
MonoBehaviour:
  m_ObjectHideFlags: 0
  m_PrefabParentObject: {fileID: 114000013661209266, guid: 3eddd1c29199313478dd3f912bfab2ab,
    type: 2}
  m_PrefabInternal: {fileID: 1294928635}
  m_GameObject: {fileID: 796877403}
  m_Enabled: 1
  m_EditorHideFlags: 0
  m_Script: {fileID: 11500000, guid: 1350e83623c005741ad0d1b09834ed62, type: 3}
  m_Name: 
  m_EditorClassIdentifier: 
  buttonType: 12
--- !u!1 &1016231694
GameObject:
  m_ObjectHideFlags: 0
  m_PrefabParentObject: {fileID: 1000012618464992, guid: d379ed0a5618c9f479f58bd83a2d0ad3,
    type: 2}
  m_PrefabInternal: {fileID: 1946425813}
  serializedVersion: 5
  m_Component:
  - component: {fileID: 1016231695}
  - component: {fileID: 1016231696}
  m_Layer: 0
  m_Name: KeyboardXYTranslationAxis
  m_TagString: Untagged
  m_Icon: {fileID: 0}
  m_NavMeshLayer: 0
  m_StaticEditorFlags: 0
  m_IsActive: 1
--- !u!4 &1016231695
Transform:
  m_ObjectHideFlags: 0
  m_PrefabParentObject: {fileID: 4000011251444590, guid: d379ed0a5618c9f479f58bd83a2d0ad3,
    type: 2}
  m_PrefabInternal: {fileID: 1946425813}
  m_GameObject: {fileID: 1016231694}
  m_LocalRotation: {x: -0, y: -0, z: -0, w: 1}
  m_LocalPosition: {x: 0, y: 0, z: 0}
  m_LocalScale: {x: 1, y: 1, z: 1}
  m_Children: []
  m_Father: {fileID: 715400357}
  m_RootOrder: 5
  m_LocalEulerAnglesHint: {x: 0, y: 0, z: 0}
--- !u!114 &1016231696
MonoBehaviour:
  m_ObjectHideFlags: 0
  m_PrefabParentObject: {fileID: 114000012298662144, guid: d379ed0a5618c9f479f58bd83a2d0ad3,
    type: 2}
  m_PrefabInternal: {fileID: 1946425813}
  m_GameObject: {fileID: 1016231694}
  m_Enabled: 1
  m_EditorHideFlags: 0
  m_Script: {fileID: 11500000, guid: d1b627838df61e64baecc87fee2dec17, type: 3}
  m_Name: 
  m_EditorClassIdentifier: 
  SensitivityScale: 1
  UseUnscaledTime: 1
  axisType: 3
  buttonType: 21
  InputManagerHorizontalAxisName: 
  InputManagerVerticalAxisName: 
  Axis0Destination: 2
  Axis1Destination: 6
  Axis2Destination: 6
--- !u!1 &1078743349
GameObject:
  m_ObjectHideFlags: 0
  m_PrefabParentObject: {fileID: 1000013763932778, guid: b2db04283121ca74495c2ee000fb4243,
    type: 2}
  m_PrefabInternal: {fileID: 1394269739}
  serializedVersion: 5
  m_Component:
  - component: {fileID: 1078743350}
  - component: {fileID: 1078743351}
  m_Layer: 2
  m_Name: Point light
  m_TagString: Untagged
  m_Icon: {fileID: 0}
  m_NavMeshLayer: 0
  m_StaticEditorFlags: 0
  m_IsActive: 1
--- !u!4 &1078743350
Transform:
  m_ObjectHideFlags: 0
  m_PrefabParentObject: {fileID: 4000010267160112, guid: b2db04283121ca74495c2ee000fb4243,
    type: 2}
  m_PrefabInternal: {fileID: 1394269739}
  m_GameObject: {fileID: 1078743349}
  m_LocalRotation: {x: 0, y: 0, z: 0, w: 1}
  m_LocalPosition: {x: 0, y: 0, z: 0}
  m_LocalScale: {x: 1, y: 1, z: 1}
  m_Children: []
  m_Father: {fileID: 739316134}
  m_RootOrder: 0
  m_LocalEulerAnglesHint: {x: 0, y: 0, z: 0}
--- !u!108 &1078743351
Light:
  m_ObjectHideFlags: 0
  m_PrefabParentObject: {fileID: 108000011213487996, guid: b2db04283121ca74495c2ee000fb4243,
    type: 2}
  m_PrefabInternal: {fileID: 1394269739}
  m_GameObject: {fileID: 1078743349}
  m_Enabled: 1
  serializedVersion: 7
  m_Type: 2
  m_Color: {r: 0.8039216, g: 0.6431373, b: 0.9529412, a: 1}
  m_Intensity: 1
  m_Range: 0.05
  m_SpotAngle: 30
  m_CookieSize: 10
  m_Shadows:
    m_Type: 0
    m_Resolution: -1
    m_CustomResolution: -1
    m_Strength: 1
    m_Bias: 0.05
    m_NormalBias: 0.4
    m_NearPlane: 0.2
  m_Cookie: {fileID: 0}
  m_DrawHalo: 1
  m_Flare: {fileID: 0}
  m_RenderMode: 0
  m_CullingMask:
    serializedVersion: 2
    m_Bits: 4294967295
  m_Lightmapping: 4
  m_AreaSize: {x: 1, y: 1}
  m_BounceIntensity: 1
  m_ShadowRadius: 0
  m_ShadowAngle: 0
--- !u!1 &1128747902
GameObject:
  m_ObjectHideFlags: 0
  m_PrefabParentObject: {fileID: 1000010956895450, guid: d379ed0a5618c9f479f58bd83a2d0ad3,
    type: 2}
  m_PrefabInternal: {fileID: 1946425813}
  serializedVersion: 5
  m_Component:
  - component: {fileID: 1128747903}
  - component: {fileID: 1128747904}
  m_Layer: 0
  m_Name: KeyboardXZTranslationAxis
  m_TagString: Untagged
  m_Icon: {fileID: 0}
  m_NavMeshLayer: 0
  m_StaticEditorFlags: 0
  m_IsActive: 1
--- !u!4 &1128747903
Transform:
  m_ObjectHideFlags: 0
  m_PrefabParentObject: {fileID: 4000011708201582, guid: d379ed0a5618c9f479f58bd83a2d0ad3,
    type: 2}
  m_PrefabInternal: {fileID: 1946425813}
  m_GameObject: {fileID: 1128747902}
  m_LocalRotation: {x: -0, y: -0, z: -0, w: 1}
  m_LocalPosition: {x: 0, y: 0, z: 0}
  m_LocalScale: {x: 1, y: 1, z: 1}
  m_Children: []
  m_Father: {fileID: 715400357}
  m_RootOrder: 6
  m_LocalEulerAnglesHint: {x: 0, y: 0, z: 0}
--- !u!114 &1128747904
MonoBehaviour:
  m_ObjectHideFlags: 0
  m_PrefabParentObject: {fileID: 114000012656745502, guid: d379ed0a5618c9f479f58bd83a2d0ad3,
    type: 2}
  m_PrefabInternal: {fileID: 1946425813}
  m_GameObject: {fileID: 1128747902}
  m_Enabled: 1
  m_EditorHideFlags: 0
  m_Script: {fileID: 11500000, guid: d1b627838df61e64baecc87fee2dec17, type: 3}
  m_Name: 
  m_EditorClassIdentifier: 
  SensitivityScale: 3
  UseUnscaledTime: 1
  axisType: 0
  buttonType: 21
  InputManagerHorizontalAxisName: Horizontal
  InputManagerVerticalAxisName: Vertical
  Axis0Destination: 0
  Axis1Destination: 4
  Axis2Destination: 6
--- !u!1 &1262935196
GameObject:
  m_ObjectHideFlags: 0
  m_PrefabParentObject: {fileID: 1000012100030190, guid: b2db04283121ca74495c2ee000fb4243,
    type: 2}
  m_PrefabInternal: {fileID: 1394269739}
  serializedVersion: 5
  m_Component:
  - component: {fileID: 1262935199}
  - component: {fileID: 1262935198}
  - component: {fileID: 1262935197}
  m_Layer: 2
  m_Name: CursorOnHolograms
  m_TagString: Untagged
  m_Icon: {fileID: 0}
  m_NavMeshLayer: 0
  m_StaticEditorFlags: 0
  m_IsActive: 1
--- !u!23 &1262935197
MeshRenderer:
  m_ObjectHideFlags: 0
  m_PrefabParentObject: {fileID: 23000013452343876, guid: b2db04283121ca74495c2ee000fb4243,
    type: 2}
  m_PrefabInternal: {fileID: 1394269739}
  m_GameObject: {fileID: 1262935196}
  m_Enabled: 1
  m_CastShadows: 1
  m_ReceiveShadows: 1
  m_MotionVectors: 1
  m_LightProbeUsage: 1
  m_ReflectionProbeUsage: 1
  m_Materials:
  - {fileID: 2100000, guid: a2c9c4679b0c3cf47b3ba3a449c985d7, type: 2}
  m_StaticBatchInfo:
    firstSubMesh: 0
    subMeshCount: 0
  m_StaticBatchRoot: {fileID: 0}
  m_ProbeAnchor: {fileID: 0}
  m_LightProbeVolumeOverride: {fileID: 0}
  m_ScaleInLightmap: 1
  m_PreserveUVs: 0
  m_IgnoreNormalsForChartDetection: 0
  m_ImportantGI: 0
  m_SelectedEditorRenderState: 3
  m_MinimumChartSize: 4
  m_AutoUVMaxDistance: 0.5
  m_AutoUVMaxAngle: 89
  m_LightmapParameters: {fileID: 0}
  m_SortingLayerID: 0
  m_SortingOrder: 0
--- !u!33 &1262935198
MeshFilter:
  m_ObjectHideFlags: 0
  m_PrefabParentObject: {fileID: 33000011299448354, guid: b2db04283121ca74495c2ee000fb4243,
    type: 2}
  m_PrefabInternal: {fileID: 1394269739}
  m_GameObject: {fileID: 1262935196}
  m_Mesh: {fileID: 4300000, guid: c1000081192be7347a0ad0c380ed6171, type: 3}
--- !u!4 &1262935199
Transform:
  m_ObjectHideFlags: 0
  m_PrefabParentObject: {fileID: 4000011283192616, guid: b2db04283121ca74495c2ee000fb4243,
    type: 2}
  m_PrefabInternal: {fileID: 1394269739}
  m_GameObject: {fileID: 1262935196}
  m_LocalRotation: {x: 0, y: 0, z: 0, w: 1}
  m_LocalPosition: {x: 0, y: 0, z: 0}
  m_LocalScale: {x: 1.15, y: 1.15, z: 2.5}
  m_Children: []
  m_Father: {fileID: 742156577}
  m_RootOrder: 0
  m_LocalEulerAnglesHint: {x: 0, y: 0, z: 0}
--- !u!1001 &1294928635
Prefab:
  m_ObjectHideFlags: 0
  serializedVersion: 2
  m_Modification:
    m_TransformParent: {fileID: 0}
    m_Modifications:
    - target: {fileID: 4000011656901714, guid: 3eddd1c29199313478dd3f912bfab2ab, type: 2}
      propertyPath: m_LocalPosition.x
      value: 0
      objectReference: {fileID: 0}
    - target: {fileID: 4000011656901714, guid: 3eddd1c29199313478dd3f912bfab2ab, type: 2}
      propertyPath: m_LocalPosition.y
      value: 0
      objectReference: {fileID: 0}
    - target: {fileID: 4000011656901714, guid: 3eddd1c29199313478dd3f912bfab2ab, type: 2}
      propertyPath: m_LocalPosition.z
      value: 0
      objectReference: {fileID: 0}
    - target: {fileID: 4000011656901714, guid: 3eddd1c29199313478dd3f912bfab2ab, type: 2}
      propertyPath: m_LocalRotation.x
      value: 0
      objectReference: {fileID: 0}
    - target: {fileID: 4000011656901714, guid: 3eddd1c29199313478dd3f912bfab2ab, type: 2}
      propertyPath: m_LocalRotation.y
      value: 0
      objectReference: {fileID: 0}
    - target: {fileID: 4000011656901714, guid: 3eddd1c29199313478dd3f912bfab2ab, type: 2}
      propertyPath: m_LocalRotation.z
      value: 0
      objectReference: {fileID: 0}
    - target: {fileID: 4000011656901714, guid: 3eddd1c29199313478dd3f912bfab2ab, type: 2}
      propertyPath: m_LocalRotation.w
      value: 1
      objectReference: {fileID: 0}
    - target: {fileID: 4000011656901714, guid: 3eddd1c29199313478dd3f912bfab2ab, type: 2}
      propertyPath: m_RootOrder
      value: 2
      objectReference: {fileID: 0}
    m_RemovedComponents: []
  m_ParentPrefab: {fileID: 100100000, guid: 3eddd1c29199313478dd3f912bfab2ab, type: 2}
  m_RootGameObject: {fileID: 83697786}
  m_IsPrefabParent: 0
--- !u!1 &1393527387
GameObject:
  m_ObjectHideFlags: 0
  m_PrefabParentObject: {fileID: 1000013402879350, guid: 3eddd1c29199313478dd3f912bfab2ab,
    type: 2}
  m_PrefabInternal: {fileID: 1294928635}
  serializedVersion: 5
  m_Component:
  - component: {fileID: 1393527388}
  m_Layer: 0
  m_Name: HandControls
  m_TagString: Untagged
  m_Icon: {fileID: 0}
  m_NavMeshLayer: 0
  m_StaticEditorFlags: 0
  m_IsActive: 1
--- !u!4 &1393527388
Transform:
  m_ObjectHideFlags: 0
  m_PrefabParentObject: {fileID: 4000011838644884, guid: 3eddd1c29199313478dd3f912bfab2ab,
    type: 2}
  m_PrefabInternal: {fileID: 1294928635}
  m_GameObject: {fileID: 1393527387}
  m_LocalRotation: {x: -0, y: -0, z: -0, w: 1}
  m_LocalPosition: {x: 0, y: 0, z: 0}
  m_LocalScale: {x: 1, y: 1, z: 1}
  m_Children:
  - {fileID: 120999261}
  - {fileID: 522520549}
  m_Father: {fileID: 1493459904}
  m_RootOrder: 0
  m_LocalEulerAnglesHint: {x: 0, y: 0, z: 0}
--- !u!1001 &1394269739
Prefab:
  m_ObjectHideFlags: 0
  serializedVersion: 2
  m_Modification:
    m_TransformParent: {fileID: 0}
    m_Modifications:
    - target: {fileID: 4000013535415816, guid: b2db04283121ca74495c2ee000fb4243, type: 2}
      propertyPath: m_LocalPosition.x
      value: 0
      objectReference: {fileID: 0}
    - target: {fileID: 4000013535415816, guid: b2db04283121ca74495c2ee000fb4243, type: 2}
      propertyPath: m_LocalPosition.y
      value: 0
      objectReference: {fileID: 0}
    - target: {fileID: 4000013535415816, guid: b2db04283121ca74495c2ee000fb4243, type: 2}
      propertyPath: m_LocalPosition.z
      value: 0
      objectReference: {fileID: 0}
    - target: {fileID: 4000013535415816, guid: b2db04283121ca74495c2ee000fb4243, type: 2}
      propertyPath: m_LocalRotation.x
      value: 0
      objectReference: {fileID: 0}
    - target: {fileID: 4000013535415816, guid: b2db04283121ca74495c2ee000fb4243, type: 2}
      propertyPath: m_LocalRotation.y
      value: 0
      objectReference: {fileID: 0}
    - target: {fileID: 4000013535415816, guid: b2db04283121ca74495c2ee000fb4243, type: 2}
      propertyPath: m_LocalRotation.z
      value: 0
      objectReference: {fileID: 0}
    - target: {fileID: 4000013535415816, guid: b2db04283121ca74495c2ee000fb4243, type: 2}
      propertyPath: m_LocalRotation.w
      value: 1
      objectReference: {fileID: 0}
    - target: {fileID: 4000013535415816, guid: b2db04283121ca74495c2ee000fb4243, type: 2}
      propertyPath: m_RootOrder
      value: 3
      objectReference: {fileID: 0}
    m_RemovedComponents: []
  m_ParentPrefab: {fileID: 100100000, guid: b2db04283121ca74495c2ee000fb4243, type: 2}
  m_RootGameObject: {fileID: 742156575}
  m_IsPrefabParent: 0
--- !u!1 &1493459903
GameObject:
  m_ObjectHideFlags: 0
  m_PrefabParentObject: {fileID: 1000012022330152, guid: 3eddd1c29199313478dd3f912bfab2ab,
    type: 2}
  m_PrefabInternal: {fileID: 1294928635}
  serializedVersion: 5
  m_Component:
  - component: {fileID: 1493459904}
  - component: {fileID: 1493459906}
  - component: {fileID: 1493459905}
  m_Layer: 0
  m_Name: EditorHandsInput
  m_TagString: Untagged
  m_Icon: {fileID: 0}
  m_NavMeshLayer: 0
  m_StaticEditorFlags: 0
  m_IsActive: 1
--- !u!4 &1493459904
Transform:
  m_ObjectHideFlags: 0
  m_PrefabParentObject: {fileID: 4000013985985722, guid: 3eddd1c29199313478dd3f912bfab2ab,
    type: 2}
  m_PrefabInternal: {fileID: 1294928635}
  m_GameObject: {fileID: 1493459903}
  m_LocalRotation: {x: 0, y: 0, z: 0, w: 1}
  m_LocalPosition: {x: 0, y: 0, z: 0}
  m_LocalScale: {x: 1, y: 1, z: 1}
  m_Children:
  - {fileID: 1393527388}
  m_Father: {fileID: 83697791}
  m_RootOrder: 1
  m_LocalEulerAnglesHint: {x: 0, y: 0, z: 0}
--- !u!114 &1493459905
MonoBehaviour:
  m_ObjectHideFlags: 0
  m_PrefabParentObject: {fileID: 114000011693831752, guid: 3eddd1c29199313478dd3f912bfab2ab,
    type: 2}
  m_PrefabInternal: {fileID: 1294928635}
  m_GameObject: {fileID: 1493459903}
  m_Enabled: 1
  m_EditorHideFlags: 0
  m_Script: {fileID: 11500000, guid: f5d9d16de978748488d7a8e0daf6e5cf, type: 3}
  m_Name: 
  m_EditorClassIdentifier: 
  HandReturnFactor: 0.25
  HandTimeBeforeReturn: 0.25
  MinimumTrackedMovement: 0.001
  UseUnscaledTime: 1
  LeftHandPrimaryAxisControl: {fileID: 756376156}
  LeftHandSecondaryAxisControl: {fileID: 408046201}
  LeftFingerUpButtonControl: {fileID: 796877405}
  LeftFingerDownButtonControl: {fileID: 106269593}
  RightHandPrimaryAxisControl: {fileID: 164895486}
  RightHandSecondaryAxisControl: {fileID: 504140631}
  RightFingerUpButtonControl: {fileID: 309207598}
  RightFingerDownButtonControl: {fileID: 2138907467}
  ActiveHandColor: {r: 0.3254902, g: 0.3764706, b: 0.92941177, a: 1}
  DroppedHandColor: {r: 0.342, g: 0.342, b: 0.342, a: 0.241}
  VisualizeHands: 1
  LeftHandVisualizer: {fileID: 2092513646}
  RightHandVisualizer: {fileID: 35827117}
  HandUpTexture: {fileID: 2800000, guid: 778e02a60d620bb419088e692a3584d3, type: 3}
  HandDownTexture: {fileID: 2800000, guid: d84aac8e3bc8fe344b50dab1e7382ad7, type: 3}
  LeftHandInView: 0
  RightHandInView: 0
--- !u!114 &1493459906
MonoBehaviour:
  m_ObjectHideFlags: 0
  m_PrefabParentObject: {fileID: 114000012391649198, guid: 3eddd1c29199313478dd3f912bfab2ab,
    type: 2}
  m_PrefabInternal: {fileID: 1294928635}
  m_GameObject: {fileID: 1493459903}
  m_Enabled: 1
  m_EditorHideFlags: 0
  m_Script: {fileID: 11500000, guid: c527ac8839879014ab405b6cb5ee39e6, type: 3}
  m_Name: 
  m_EditorClassIdentifier: 
--- !u!1 &1501030188
GameObject:
  m_ObjectHideFlags: 0
  m_PrefabParentObject: {fileID: 1000011026140476, guid: d379ed0a5618c9f479f58bd83a2d0ad3,
    type: 2}
  m_PrefabInternal: {fileID: 1946425813}
  serializedVersion: 5
  m_Component:
  - component: {fileID: 1501030189}
  - component: {fileID: 1501030190}
  m_Layer: 0
  m_Name: JoystickXYTranslationAxis
  m_TagString: Untagged
  m_Icon: {fileID: 0}
  m_NavMeshLayer: 0
  m_StaticEditorFlags: 0
  m_IsActive: 1
--- !u!4 &1501030189
Transform:
  m_ObjectHideFlags: 0
  m_PrefabParentObject: {fileID: 4000014150713462, guid: d379ed0a5618c9f479f58bd83a2d0ad3,
    type: 2}
  m_PrefabInternal: {fileID: 1946425813}
  m_GameObject: {fileID: 1501030188}
  m_LocalRotation: {x: -0, y: -0, z: -0, w: 1}
  m_LocalPosition: {x: 0, y: 0, z: 0}
  m_LocalScale: {x: 1, y: 1, z: 1}
  m_Children: []
  m_Father: {fileID: 715400357}
  m_RootOrder: 8
  m_LocalEulerAnglesHint: {x: 0, y: 0, z: 0}
--- !u!114 &1501030190
MonoBehaviour:
  m_ObjectHideFlags: 0
  m_PrefabParentObject: {fileID: 114000010160007858, guid: d379ed0a5618c9f479f58bd83a2d0ad3,
    type: 2}
  m_PrefabInternal: {fileID: 1946425813}
  m_GameObject: {fileID: 1501030188}
  m_Enabled: 0
  m_EditorHideFlags: 0
  m_Script: {fileID: 11500000, guid: d1b627838df61e64baecc87fee2dec17, type: 3}
  m_Name: 
  m_EditorClassIdentifier: 
  SensitivityScale: 3
  UseUnscaledTime: 1
  axisType: 0
  buttonType: 21
  InputManagerHorizontalAxisName: LeftTrigger
  InputManagerVerticalAxisName: RightTrigger
  Axis0Destination: 2
  Axis1Destination: 3
  Axis2Destination: 6
--- !u!1 &1522186551
GameObject:
  m_ObjectHideFlags: 0
  m_PrefabParentObject: {fileID: 1000013425959562, guid: d379ed0a5618c9f479f58bd83a2d0ad3,
    type: 2}
  m_PrefabInternal: {fileID: 1946425813}
  serializedVersion: 5
  m_Component:
  - component: {fileID: 1522186552}
  - component: {fileID: 1522186553}
  m_Layer: 0
  m_Name: KeyboardXZRotationAxis
  m_TagString: Untagged
  m_Icon: {fileID: 0}
  m_NavMeshLayer: 0
  m_StaticEditorFlags: 0
  m_IsActive: 1
--- !u!4 &1522186552
Transform:
  m_ObjectHideFlags: 0
  m_PrefabParentObject: {fileID: 4000012536474926, guid: d379ed0a5618c9f479f58bd83a2d0ad3,
    type: 2}
  m_PrefabInternal: {fileID: 1946425813}
  m_GameObject: {fileID: 1522186551}
  m_LocalRotation: {x: -0, y: -0, z: -0, w: 1}
  m_LocalPosition: {x: 0, y: 0, z: 0}
  m_LocalScale: {x: 1, y: 1, z: 1}
  m_Children: []
  m_Father: {fileID: 715400357}
  m_RootOrder: 4
  m_LocalEulerAnglesHint: {x: 0, y: 0, z: 0}
--- !u!114 &1522186553
MonoBehaviour:
  m_ObjectHideFlags: 0
  m_PrefabParentObject: {fileID: 114000014171224568, guid: d379ed0a5618c9f479f58bd83a2d0ad3,
    type: 2}
  m_PrefabInternal: {fileID: 1946425813}
  m_GameObject: {fileID: 1522186551}
  m_Enabled: 1
  m_EditorHideFlags: 0
  m_Script: {fileID: 11500000, guid: d1b627838df61e64baecc87fee2dec17, type: 3}
  m_Name: 
  m_EditorClassIdentifier: 
  SensitivityScale: 1
  UseUnscaledTime: 1
  axisType: 7
  buttonType: 21
  InputManagerHorizontalAxisName: 
  InputManagerVerticalAxisName: 
  Axis0Destination: 5
  Axis1Destination: 4
  Axis2Destination: 6
--- !u!1 &1584074409
GameObject:
  m_ObjectHideFlags: 0
  m_PrefabParentObject: {fileID: 1000011947540078, guid: d379ed0a5618c9f479f58bd83a2d0ad3,
    type: 2}
  m_PrefabInternal: {fileID: 1946425813}
  serializedVersion: 5
  m_Component:
  - component: {fileID: 1584074410}
  - component: {fileID: 1584074411}
  m_Layer: 0
  m_Name: MouseXZTranslationAxis
  m_TagString: Untagged
  m_Icon: {fileID: 0}
  m_NavMeshLayer: 0
  m_StaticEditorFlags: 0
  m_IsActive: 1
--- !u!4 &1584074410
Transform:
  m_ObjectHideFlags: 0
  m_PrefabParentObject: {fileID: 4000012378391282, guid: d379ed0a5618c9f479f58bd83a2d0ad3,
    type: 2}
  m_PrefabInternal: {fileID: 1946425813}
  m_GameObject: {fileID: 1584074409}
  m_LocalRotation: {x: 0, y: 0, z: 0, w: 1}
  m_LocalPosition: {x: 0, y: 0, z: 0}
  m_LocalScale: {x: 1, y: 1, z: 1}
  m_Children: []
  m_Father: {fileID: 715400357}
  m_RootOrder: 2
  m_LocalEulerAnglesHint: {x: 0, y: 0, z: 0}
--- !u!114 &1584074411
MonoBehaviour:
  m_ObjectHideFlags: 0
  m_PrefabParentObject: {fileID: 114000013988799740, guid: d379ed0a5618c9f479f58bd83a2d0ad3,
    type: 2}
  m_PrefabInternal: {fileID: 1946425813}
  m_GameObject: {fileID: 1584074409}
  m_Enabled: 1
  m_EditorHideFlags: 0
  m_Script: {fileID: 11500000, guid: d1b627838df61e64baecc87fee2dec17, type: 3}
  m_Name: 
  m_EditorClassIdentifier: 
  SensitivityScale: 3
  UseUnscaledTime: 1
  axisType: 12
  buttonType: 3
  InputManagerHorizontalAxisName: 
  InputManagerVerticalAxisName: 
  Axis0Destination: 4
  Axis1Destination: 6
  Axis2Destination: 6
--- !u!1 &1594215799
GameObject:
  m_ObjectHideFlags: 0
  m_PrefabParentObject: {fileID: 1000010419138632, guid: 3eddd1c29199313478dd3f912bfab2ab,
    type: 2}
  m_PrefabInternal: {fileID: 1294928635}
  serializedVersion: 5
  m_Component:
  - component: {fileID: 1594215800}
  - component: {fileID: 1594215801}
  m_Layer: 0
  m_Name: RawInteractionSources
  m_TagString: Untagged
  m_Icon: {fileID: 0}
  m_NavMeshLayer: 0
  m_StaticEditorFlags: 0
  m_IsActive: 1
--- !u!4 &1594215800
Transform:
  m_ObjectHideFlags: 0
  m_PrefabParentObject: {fileID: 4000013175961358, guid: 3eddd1c29199313478dd3f912bfab2ab,
    type: 2}
  m_PrefabInternal: {fileID: 1294928635}
  m_GameObject: {fileID: 1594215799}
  m_LocalRotation: {x: 0, y: 0, z: 0, w: 1}
  m_LocalPosition: {x: 0, y: 0, z: 0}
  m_LocalScale: {x: 1, y: 1, z: 1}
  m_Children: []
  m_Father: {fileID: 83697791}
  m_RootOrder: 0
  m_LocalEulerAnglesHint: {x: 0, y: 0, z: 0}
--- !u!114 &1594215801
MonoBehaviour:
  m_ObjectHideFlags: 0
  m_PrefabParentObject: {fileID: 114000010697249598, guid: 3eddd1c29199313478dd3f912bfab2ab,
    type: 2}
  m_PrefabInternal: {fileID: 1294928635}
  m_GameObject: {fileID: 1594215799}
  m_Enabled: 1
  m_EditorHideFlags: 0
  m_Script: {fileID: 11500000, guid: 73383145d055bef478097c80c114d2a4, type: 3}
  m_Name: 
  m_EditorClassIdentifier: 
  UseUnscaledTime: 1
--- !u!1 &1724572002
GameObject:
  m_ObjectHideFlags: 0
  m_PrefabParentObject: {fileID: 0}
  m_PrefabInternal: {fileID: 0}
  serializedVersion: 5
  m_Component:
  - component: {fileID: 1724572004}
  - component: {fileID: 1724572003}
  m_Layer: 0
  m_Name: Directional Light
  m_TagString: Untagged
  m_Icon: {fileID: 0}
  m_NavMeshLayer: 0
  m_StaticEditorFlags: 0
  m_IsActive: 1
--- !u!108 &1724572003
Light:
  m_ObjectHideFlags: 0
  m_PrefabParentObject: {fileID: 0}
  m_PrefabInternal: {fileID: 0}
  m_GameObject: {fileID: 1724572002}
  m_Enabled: 1
  serializedVersion: 7
  m_Type: 1
  m_Color: {r: 1, g: 0.95686275, b: 0.8392157, a: 1}
  m_Intensity: 1
  m_Range: 10
  m_SpotAngle: 30
  m_CookieSize: 10
  m_Shadows:
    m_Type: 2
    m_Resolution: -1
    m_CustomResolution: -1
    m_Strength: 1
    m_Bias: 0.05
    m_NormalBias: 0.4
    m_NearPlane: 0.2
  m_Cookie: {fileID: 0}
  m_DrawHalo: 0
  m_Flare: {fileID: 0}
  m_RenderMode: 0
  m_CullingMask:
    serializedVersion: 2
    m_Bits: 4294967295
  m_Lightmapping: 4
  m_AreaSize: {x: 1, y: 1}
  m_BounceIntensity: 1
  m_ShadowRadius: 0
  m_ShadowAngle: 0
--- !u!4 &1724572004
Transform:
  m_ObjectHideFlags: 0
  m_PrefabParentObject: {fileID: 0}
  m_PrefabInternal: {fileID: 0}
  m_GameObject: {fileID: 1724572002}
  m_LocalRotation: {x: 0.40821788, y: -0.23456968, z: 0.10938163, w: 0.8754261}
  m_LocalPosition: {x: 0, y: 3, z: 0}
  m_LocalScale: {x: 1, y: 1, z: 1}
  m_Children: []
  m_Father: {fileID: 0}
  m_RootOrder: 0
  m_LocalEulerAnglesHint: {x: 0, y: 0, z: 0}
--- !u!1 &1911437421
GameObject:
  m_ObjectHideFlags: 0
  m_PrefabParentObject: {fileID: 1000012744789930, guid: d379ed0a5618c9f479f58bd83a2d0ad3,
    type: 2}
  m_PrefabInternal: {fileID: 1946425813}
  serializedVersion: 5
  m_Component:
  - component: {fileID: 1911437422}
  - component: {fileID: 1911437423}
  m_Layer: 0
  m_Name: MouseXYTranslationAxis
  m_TagString: Untagged
  m_Icon: {fileID: 0}
  m_NavMeshLayer: 0
  m_StaticEditorFlags: 0
  m_IsActive: 1
--- !u!4 &1911437422
Transform:
  m_ObjectHideFlags: 0
  m_PrefabParentObject: {fileID: 4000010393938340, guid: d379ed0a5618c9f479f58bd83a2d0ad3,
    type: 2}
  m_PrefabInternal: {fileID: 1946425813}
  m_GameObject: {fileID: 1911437421}
  m_LocalRotation: {x: -0, y: -0, z: -0, w: 1}
  m_LocalPosition: {x: 0, y: 0, z: 0}
  m_LocalScale: {x: 1, y: 1, z: 1}
  m_Children: []
  m_Father: {fileID: 715400357}
  m_RootOrder: 1
  m_LocalEulerAnglesHint: {x: 0, y: 0, z: 0}
--- !u!114 &1911437423
MonoBehaviour:
  m_ObjectHideFlags: 0
  m_PrefabParentObject: {fileID: 114000011359953050, guid: d379ed0a5618c9f479f58bd83a2d0ad3,
    type: 2}
  m_PrefabInternal: {fileID: 1946425813}
  m_GameObject: {fileID: 1911437421}
  m_Enabled: 1
  m_EditorHideFlags: 0
  m_Script: {fileID: 11500000, guid: d1b627838df61e64baecc87fee2dec17, type: 3}
  m_Name: 
  m_EditorClassIdentifier: 
  SensitivityScale: 1
  UseUnscaledTime: 1
  axisType: 13
  buttonType: 21
  InputManagerHorizontalAxisName: 
  InputManagerVerticalAxisName: 
  Axis0Destination: 0
  Axis1Destination: 2
  Axis2Destination: 6
--- !u!1001 &1946425813
Prefab:
  m_ObjectHideFlags: 0
  serializedVersion: 2
  m_Modification:
    m_TransformParent: {fileID: 0}
    m_Modifications:
    - target: {fileID: 4000010560871102, guid: d379ed0a5618c9f479f58bd83a2d0ad3, type: 2}
      propertyPath: m_LocalPosition.x
      value: 0
      objectReference: {fileID: 0}
    - target: {fileID: 4000010560871102, guid: d379ed0a5618c9f479f58bd83a2d0ad3, type: 2}
      propertyPath: m_LocalPosition.y
      value: 0
      objectReference: {fileID: 0}
    - target: {fileID: 4000010560871102, guid: d379ed0a5618c9f479f58bd83a2d0ad3, type: 2}
      propertyPath: m_LocalPosition.z
      value: 0
      objectReference: {fileID: 0}
    - target: {fileID: 4000010560871102, guid: d379ed0a5618c9f479f58bd83a2d0ad3, type: 2}
      propertyPath: m_LocalRotation.x
      value: 0
      objectReference: {fileID: 0}
    - target: {fileID: 4000010560871102, guid: d379ed0a5618c9f479f58bd83a2d0ad3, type: 2}
      propertyPath: m_LocalRotation.y
      value: 0
      objectReference: {fileID: 0}
    - target: {fileID: 4000010560871102, guid: d379ed0a5618c9f479f58bd83a2d0ad3, type: 2}
      propertyPath: m_LocalRotation.z
      value: 0
      objectReference: {fileID: 0}
    - target: {fileID: 4000010560871102, guid: d379ed0a5618c9f479f58bd83a2d0ad3, type: 2}
      propertyPath: m_LocalRotation.w
      value: 1
      objectReference: {fileID: 0}
    - target: {fileID: 4000010560871102, guid: d379ed0a5618c9f479f58bd83a2d0ad3, type: 2}
      propertyPath: m_RootOrder
      value: 4
      objectReference: {fileID: 0}
    m_RemovedComponents: []
  m_ParentPrefab: {fileID: 100100000, guid: d379ed0a5618c9f479f58bd83a2d0ad3, type: 2}
  m_RootGameObject: {fileID: 38489375}
  m_IsPrefabParent: 0
--- !u!1 &2092513646
GameObject:
  m_ObjectHideFlags: 0
  m_PrefabParentObject: {fileID: 1000010559312462, guid: 3eddd1c29199313478dd3f912bfab2ab,
    type: 2}
  m_PrefabInternal: {fileID: 1294928635}
  serializedVersion: 5
  m_Component:
  - component: {fileID: 2092513647}
  - component: {fileID: 2092513649}
  - component: {fileID: 2092513648}
  m_Layer: 0
  m_Name: LeftHandMarkerQuad
  m_TagString: Untagged
  m_Icon: {fileID: 0}
  m_NavMeshLayer: 0
  m_StaticEditorFlags: 0
  m_IsActive: 0
--- !u!4 &2092513647
Transform:
  m_ObjectHideFlags: 0
  m_PrefabParentObject: {fileID: 4000010757173486, guid: 3eddd1c29199313478dd3f912bfab2ab,
    type: 2}
  m_PrefabInternal: {fileID: 1294928635}
  m_GameObject: {fileID: 2092513646}
  m_LocalRotation: {x: -0, y: -0, z: -0, w: 1}
  m_LocalPosition: {x: -0.05, y: -0.09, z: 0.9}
  m_LocalScale: {x: -0.025, y: 0.025, z: 0.025}
  m_Children: []
  m_Father: {fileID: 120999261}
  m_RootOrder: 4
  m_LocalEulerAnglesHint: {x: 0, y: 0, z: 0}
--- !u!23 &2092513648
MeshRenderer:
  m_ObjectHideFlags: 0
  m_PrefabParentObject: {fileID: 23000011955365276, guid: 3eddd1c29199313478dd3f912bfab2ab,
    type: 2}
  m_PrefabInternal: {fileID: 1294928635}
  m_GameObject: {fileID: 2092513646}
  m_Enabled: 1
  m_CastShadows: 1
  m_ReceiveShadows: 1
  m_MotionVectors: 1
  m_LightProbeUsage: 1
  m_ReflectionProbeUsage: 1
  m_Materials:
  - {fileID: 2100000, guid: e3614b053e3b0bd4b8efece8f50c21ad, type: 2}
  m_StaticBatchInfo:
    firstSubMesh: 0
    subMeshCount: 0
  m_StaticBatchRoot: {fileID: 0}
  m_ProbeAnchor: {fileID: 0}
  m_LightProbeVolumeOverride: {fileID: 0}
  m_ScaleInLightmap: 1
  m_PreserveUVs: 1
  m_IgnoreNormalsForChartDetection: 0
  m_ImportantGI: 0
  m_SelectedEditorRenderState: 3
  m_MinimumChartSize: 4
  m_AutoUVMaxDistance: 0.5
  m_AutoUVMaxAngle: 89
  m_LightmapParameters: {fileID: 0}
  m_SortingLayerID: 0
  m_SortingOrder: 0
--- !u!33 &2092513649
MeshFilter:
  m_ObjectHideFlags: 0
  m_PrefabParentObject: {fileID: 33000013920336656, guid: 3eddd1c29199313478dd3f912bfab2ab,
    type: 2}
  m_PrefabInternal: {fileID: 1294928635}
  m_GameObject: {fileID: 2092513646}
  m_Mesh: {fileID: 10210, guid: 0000000000000000e000000000000000, type: 0}
--- !u!1 &2114791804
GameObject:
  m_ObjectHideFlags: 0
  m_PrefabParentObject: {fileID: 0}
  m_PrefabInternal: {fileID: 0}
  serializedVersion: 5
  m_Component:
  - component: {fileID: 2114791808}
  - component: {fileID: 2114791807}
  - component: {fileID: 2114791806}
  - component: {fileID: 2114791805}
  m_Layer: 0
  m_Name: Sphere
  m_TagString: Untagged
  m_Icon: {fileID: 0}
  m_NavMeshLayer: 0
  m_StaticEditorFlags: 0
  m_IsActive: 1
--- !u!23 &2114791805
MeshRenderer:
  m_ObjectHideFlags: 0
  m_PrefabParentObject: {fileID: 0}
  m_PrefabInternal: {fileID: 0}
  m_GameObject: {fileID: 2114791804}
  m_Enabled: 1
  m_CastShadows: 1
  m_ReceiveShadows: 1
  m_MotionVectors: 1
  m_LightProbeUsage: 1
  m_ReflectionProbeUsage: 1
  m_Materials:
  - {fileID: 2100000, guid: 474f0e0481d4aa14e92a5ada98042f3a, type: 2}
  m_StaticBatchInfo:
    firstSubMesh: 0
    subMeshCount: 0
  m_StaticBatchRoot: {fileID: 0}
  m_ProbeAnchor: {fileID: 0}
  m_LightProbeVolumeOverride: {fileID: 0}
  m_ScaleInLightmap: 1
  m_PreserveUVs: 1
  m_IgnoreNormalsForChartDetection: 0
  m_ImportantGI: 0
  m_SelectedEditorRenderState: 3
  m_MinimumChartSize: 4
  m_AutoUVMaxDistance: 0.5
  m_AutoUVMaxAngle: 89
  m_LightmapParameters: {fileID: 0}
  m_SortingLayerID: 0
  m_SortingOrder: 0
--- !u!135 &2114791806
SphereCollider:
  m_ObjectHideFlags: 0
  m_PrefabParentObject: {fileID: 0}
  m_PrefabInternal: {fileID: 0}
  m_GameObject: {fileID: 2114791804}
  m_Material: {fileID: 0}
  m_IsTrigger: 0
  m_Enabled: 1
  serializedVersion: 2
  m_Radius: 0.5
  m_Center: {x: 0, y: 0, z: 0}
--- !u!33 &2114791807
MeshFilter:
  m_ObjectHideFlags: 0
  m_PrefabParentObject: {fileID: 0}
  m_PrefabInternal: {fileID: 0}
  m_GameObject: {fileID: 2114791804}
  m_Mesh: {fileID: 10207, guid: 0000000000000000e000000000000000, type: 0}
--- !u!4 &2114791808
Transform:
  m_ObjectHideFlags: 0
  m_PrefabParentObject: {fileID: 0}
  m_PrefabInternal: {fileID: 0}
  m_GameObject: {fileID: 2114791804}
  m_LocalRotation: {x: 0, y: 0, z: 0, w: 1}
  m_LocalPosition: {x: 0, y: 0, z: 2}
  m_LocalScale: {x: 0.2, y: 0.2, z: 0.2}
  m_Children: []
  m_Father: {fileID: 0}
  m_RootOrder: 1
  m_LocalEulerAnglesHint: {x: 0, y: 0, z: 0}
--- !u!1 &2115126374
GameObject:
  m_ObjectHideFlags: 0
  m_PrefabParentObject: {fileID: 1000011337565444, guid: d379ed0a5618c9f479f58bd83a2d0ad3,
    type: 2}
  m_PrefabInternal: {fileID: 1946425813}
  serializedVersion: 5
  m_Component:
  - component: {fileID: 2115126375}
  - component: {fileID: 2115126376}
  m_Layer: 0
  m_Name: MouseXYRotationAxis
  m_TagString: Untagged
  m_Icon: {fileID: 0}
  m_NavMeshLayer: 0
  m_StaticEditorFlags: 0
  m_IsActive: 1
--- !u!4 &2115126375
Transform:
  m_ObjectHideFlags: 0
  m_PrefabParentObject: {fileID: 4000010590998566, guid: d379ed0a5618c9f479f58bd83a2d0ad3,
    type: 2}
  m_PrefabInternal: {fileID: 1946425813}
  m_GameObject: {fileID: 2115126374}
  m_LocalRotation: {x: 0, y: 0, z: 0, w: 1}
  m_LocalPosition: {x: 0, y: 0, z: 0}
  m_LocalScale: {x: 1, y: 1, z: 1}
  m_Children: []
  m_Father: {fileID: 715400357}
  m_RootOrder: 0
  m_LocalEulerAnglesHint: {x: 0, y: 0, z: 0}
--- !u!114 &2115126376
MonoBehaviour:
  m_ObjectHideFlags: 0
  m_PrefabParentObject: {fileID: 114000013933693316, guid: d379ed0a5618c9f479f58bd83a2d0ad3,
    type: 2}
  m_PrefabInternal: {fileID: 1946425813}
  m_GameObject: {fileID: 2115126374}
  m_Enabled: 1
  m_EditorHideFlags: 0
  m_Script: {fileID: 11500000, guid: d1b627838df61e64baecc87fee2dec17, type: 3}
  m_Name: 
  m_EditorClassIdentifier: 
  SensitivityScale: 4.5
  UseUnscaledTime: 1
  axisType: 11
  buttonType: 1
  InputManagerHorizontalAxisName: 
  InputManagerVerticalAxisName: 
  Axis0Destination: 0
  Axis1Destination: 2
  Axis2Destination: 6
--- !u!1 &2138907465
GameObject:
  m_ObjectHideFlags: 0
  m_PrefabParentObject: {fileID: 1000011611902316, guid: 3eddd1c29199313478dd3f912bfab2ab,
    type: 2}
  m_PrefabInternal: {fileID: 1294928635}
  serializedVersion: 5
  m_Component:
  - component: {fileID: 2138907466}
  - component: {fileID: 2138907467}
  m_Layer: 0
  m_Name: FingerDownButton
  m_TagString: Untagged
  m_Icon: {fileID: 0}
  m_NavMeshLayer: 0
  m_StaticEditorFlags: 0
  m_IsActive: 1
--- !u!4 &2138907466
Transform:
  m_ObjectHideFlags: 0
  m_PrefabParentObject: {fileID: 4000012504439998, guid: 3eddd1c29199313478dd3f912bfab2ab,
    type: 2}
  m_PrefabInternal: {fileID: 1294928635}
  m_GameObject: {fileID: 2138907465}
  m_LocalRotation: {x: 0, y: 0, z: 0, w: 1}
  m_LocalPosition: {x: 0, y: 0, z: 0}
  m_LocalScale: {x: 1, y: 1, z: 1}
  m_Children: []
  m_Father: {fileID: 522520549}
  m_RootOrder: 3
  m_LocalEulerAnglesHint: {x: 0, y: 0, z: 0}
--- !u!114 &2138907467
MonoBehaviour:
  m_ObjectHideFlags: 0
  m_PrefabParentObject: {fileID: 114000014256863992, guid: 3eddd1c29199313478dd3f912bfab2ab,
    type: 2}
  m_PrefabInternal: {fileID: 1294928635}
  m_GameObject: {fileID: 2138907465}
  m_Enabled: 1
  m_EditorHideFlags: 0
  m_Script: {fileID: 11500000, guid: 1350e83623c005741ad0d1b09834ed62, type: 3}
  m_Name: 
  m_EditorClassIdentifier: 
  buttonType: 18
