%YAML 1.1
%TAG !u! tag:unity3d.com,2011:
--- !u!29 &1
OcclusionCullingSettings:
  m_ObjectHideFlags: 0
  serializedVersion: 2
  m_OcclusionBakeSettings:
    smallestOccluder: 5
    smallestHole: 0.25
    backfaceThreshold: 100
  m_SceneGUID: 00000000000000000000000000000000
  m_OcclusionCullingData: {fileID: 0}
--- !u!104 &2
RenderSettings:
  m_ObjectHideFlags: 0
  serializedVersion: 7
  m_Fog: 0
  m_FogColor: {r: 0.5, g: 0.5, b: 0.5, a: 1}
  m_FogMode: 3
  m_FogDensity: 0.01
  m_LinearFogStart: 0
  m_LinearFogEnd: 300
  m_AmbientSkyColor: {r: 0.212, g: 0.227, b: 0.259, a: 1}
  m_AmbientEquatorColor: {r: 0.114, g: 0.125, b: 0.133, a: 1}
  m_AmbientGroundColor: {r: 0.047, g: 0.043, b: 0.035, a: 1}
  m_AmbientIntensity: 1
  m_AmbientMode: 0
  m_SkyboxMaterial: {fileID: 10304, guid: 0000000000000000f000000000000000, type: 0}
  m_HaloStrength: 0.5
  m_FlareStrength: 1
  m_FlareFadeSpeed: 3
  m_HaloTexture: {fileID: 0}
  m_SpotCookie: {fileID: 10001, guid: 0000000000000000e000000000000000, type: 0}
  m_DefaultReflectionMode: 0
  m_DefaultReflectionResolution: 128
  m_ReflectionBounces: 1
  m_ReflectionIntensity: 1
  m_CustomReflection: {fileID: 0}
  m_Sun: {fileID: 0}
  m_IndirectSpecularColor: {r: 0, g: 0, b: 0, a: 1}
--- !u!157 &3
LightmapSettings:
  m_ObjectHideFlags: 0
  serializedVersion: 7
  m_GIWorkflowMode: 1
  m_GISettings:
    serializedVersion: 2
    m_BounceScale: 1
    m_IndirectOutputScale: 1
    m_AlbedoBoost: 1
    m_TemporalCoherenceThreshold: 1
    m_EnvironmentLightingMode: 0
    m_EnableBakedLightmaps: 1
    m_EnableRealtimeLightmaps: 1
  m_LightmapEditorSettings:
    serializedVersion: 4
    m_Resolution: 2
    m_BakeResolution: 40
    m_TextureWidth: 1024
    m_TextureHeight: 1024
    m_AO: 0
    m_AOMaxDistance: 1
    m_CompAOExponent: 1
    m_CompAOExponentDirect: 0
    m_Padding: 2
    m_LightmapParameters: {fileID: 0}
    m_LightmapsBakeMode: 1
    m_TextureCompression: 1
    m_DirectLightInLightProbes: 1
    m_FinalGather: 0
    m_FinalGatherFiltering: 1
    m_FinalGatherRayCount: 256
    m_ReflectionCompression: 2
  m_LightingDataAsset: {fileID: 0}
  m_RuntimeCPUUsage: 25
--- !u!196 &4
NavMeshSettings:
  serializedVersion: 2
  m_ObjectHideFlags: 0
  m_BuildSettings:
    serializedVersion: 2
    agentTypeID: 0
    agentRadius: 0.5
    agentHeight: 2
    agentSlope: 45
    agentClimb: 0.4
    ledgeDropHeight: 0
    maxJumpAcrossDistance: 0
    minRegionArea: 2
    manualCellSize: 0
    cellSize: 0.16666667
    accuratePlacement: 0
  m_NavMeshData: {fileID: 0}
--- !u!1 &40783779
GameObject:
  m_ObjectHideFlags: 0
  m_PrefabParentObject: {fileID: 1000011337565444, guid: d379ed0a5618c9f479f58bd83a2d0ad3,
    type: 2}
  m_PrefabInternal: {fileID: 991584630}
  serializedVersion: 5
  m_Component:
  - component: {fileID: 40783780}
  - component: {fileID: 40783781}
  m_Layer: 0
  m_Name: MouseXYRotationAxis
  m_TagString: Untagged
  m_Icon: {fileID: 0}
  m_NavMeshLayer: 0
  m_StaticEditorFlags: 0
  m_IsActive: 1
--- !u!4 &40783780
Transform:
  m_ObjectHideFlags: 0
  m_PrefabParentObject: {fileID: 4000010590998566, guid: d379ed0a5618c9f479f58bd83a2d0ad3,
    type: 2}
  m_PrefabInternal: {fileID: 991584630}
  m_GameObject: {fileID: 40783779}
  m_LocalRotation: {x: 0, y: 0, z: 0, w: 1}
  m_LocalPosition: {x: 0, y: 0, z: 0}
  m_LocalScale: {x: 1, y: 1, z: 1}
  m_Children: []
  m_Father: {fileID: 2060887550}
  m_RootOrder: 0
  m_LocalEulerAnglesHint: {x: 0, y: 0, z: 0}
--- !u!114 &40783781
MonoBehaviour:
  m_ObjectHideFlags: 0
  m_PrefabParentObject: {fileID: 114000013933693316, guid: d379ed0a5618c9f479f58bd83a2d0ad3,
    type: 2}
  m_PrefabInternal: {fileID: 991584630}
  m_GameObject: {fileID: 40783779}
  m_Enabled: 1
  m_EditorHideFlags: 0
  m_Script: {fileID: 11500000, guid: d1b627838df61e64baecc87fee2dec17, type: 3}
  m_Name: 
  m_EditorClassIdentifier: 
  SensitivityScale: 4.5
  UseUnscaledTime: 1
  axisType: 11
  buttonType: 1
  InputManagerHorizontalAxisName: 
  InputManagerVerticalAxisName: 
  Axis0Destination: 0
  Axis1Destination: 2
  Axis2Destination: 6
--- !u!1 &64170256
GameObject:
  m_ObjectHideFlags: 0
  m_PrefabParentObject: {fileID: 0}
  m_PrefabInternal: {fileID: 0}
  serializedVersion: 5
  m_Component:
  - component: {fileID: 64170257}
  m_Layer: 0
  m_Name: Lights
  m_TagString: Untagged
  m_Icon: {fileID: 0}
  m_NavMeshLayer: 0
  m_StaticEditorFlags: 0
  m_IsActive: 1
--- !u!4 &64170257
Transform:
  m_ObjectHideFlags: 0
  m_PrefabParentObject: {fileID: 0}
  m_PrefabInternal: {fileID: 0}
  m_GameObject: {fileID: 64170256}
  m_LocalRotation: {x: 0, y: 0, z: 0, w: 1}
  m_LocalPosition: {x: 0, y: 0, z: 0}
  m_LocalScale: {x: 1, y: 1, z: 1}
  m_Children:
  - {fileID: 1436932048}
  - {fileID: 1396030262}
  - {fileID: 1577103148}
  m_Father: {fileID: 0}
  m_RootOrder: 5
  m_LocalEulerAnglesHint: {x: 0, y: 0, z: 0}
--- !u!1 &148100163
GameObject:
  m_ObjectHideFlags: 0
  m_PrefabParentObject: {fileID: 1000011025849994, guid: 3eddd1c29199313478dd3f912bfab2ab,
    type: 2}
  m_PrefabInternal: {fileID: 963561480}
  serializedVersion: 5
  m_Component:
  - component: {fileID: 148100164}
  - component: {fileID: 148100165}
  m_Layer: 0
  m_Name: XYTranslationAxis
  m_TagString: Untagged
  m_Icon: {fileID: 0}
  m_NavMeshLayer: 0
  m_StaticEditorFlags: 0
  m_IsActive: 1
--- !u!4 &148100164
Transform:
  m_ObjectHideFlags: 0
  m_PrefabParentObject: {fileID: 4000012897398672, guid: 3eddd1c29199313478dd3f912bfab2ab,
    type: 2}
  m_PrefabInternal: {fileID: 963561480}
  m_GameObject: {fileID: 148100163}
  m_LocalRotation: {x: 0, y: 0, z: 0, w: 1}
  m_LocalPosition: {x: 0, y: 0, z: 0}
  m_LocalScale: {x: 1, y: 1, z: 1}
  m_Children: []
  m_Father: {fileID: 1116989159}
  m_RootOrder: 0
  m_LocalEulerAnglesHint: {x: 0, y: 0, z: 0}
--- !u!114 &148100165
MonoBehaviour:
  m_ObjectHideFlags: 0
  m_PrefabParentObject: {fileID: 114000013734435004, guid: 3eddd1c29199313478dd3f912bfab2ab,
    type: 2}
  m_PrefabInternal: {fileID: 963561480}
  m_GameObject: {fileID: 148100163}
  m_Enabled: 1
  m_EditorHideFlags: 0
  m_Script: {fileID: 11500000, guid: d1b627838df61e64baecc87fee2dec17, type: 3}
  m_Name: 
  m_EditorClassIdentifier: 
  SensitivityScale: 1
  UseUnscaledTime: 1
  axisType: 11
  buttonType: 6
  InputManagerHorizontalAxisName: 
  InputManagerVerticalAxisName: 
  Axis0Destination: 3
  Axis1Destination: 0
  Axis2Destination: 6
--- !u!1 &155635545
GameObject:
  m_ObjectHideFlags: 0
  m_PrefabParentObject: {fileID: 1000012618464992, guid: d379ed0a5618c9f479f58bd83a2d0ad3,
    type: 2}
  m_PrefabInternal: {fileID: 991584630}
  serializedVersion: 5
  m_Component:
  - component: {fileID: 155635546}
  - component: {fileID: 155635547}
  m_Layer: 0
  m_Name: KeyboardXYTranslationAxis
  m_TagString: Untagged
  m_Icon: {fileID: 0}
  m_NavMeshLayer: 0
  m_StaticEditorFlags: 0
  m_IsActive: 1
--- !u!4 &155635546
Transform:
  m_ObjectHideFlags: 0
  m_PrefabParentObject: {fileID: 4000011251444590, guid: d379ed0a5618c9f479f58bd83a2d0ad3,
    type: 2}
  m_PrefabInternal: {fileID: 991584630}
  m_GameObject: {fileID: 155635545}
  m_LocalRotation: {x: -0, y: -0, z: -0, w: 1}
  m_LocalPosition: {x: 0, y: 0, z: 0}
  m_LocalScale: {x: 1, y: 1, z: 1}
  m_Children: []
  m_Father: {fileID: 2060887550}
  m_RootOrder: 5
  m_LocalEulerAnglesHint: {x: 0, y: 0, z: 0}
--- !u!114 &155635547
MonoBehaviour:
  m_ObjectHideFlags: 0
  m_PrefabParentObject: {fileID: 114000012298662144, guid: d379ed0a5618c9f479f58bd83a2d0ad3,
    type: 2}
  m_PrefabInternal: {fileID: 991584630}
  m_GameObject: {fileID: 155635545}
  m_Enabled: 1
  m_EditorHideFlags: 0
  m_Script: {fileID: 11500000, guid: d1b627838df61e64baecc87fee2dec17, type: 3}
  m_Name: 
  m_EditorClassIdentifier: 
  SensitivityScale: 1
  UseUnscaledTime: 1
  axisType: 3
  buttonType: 21
  InputManagerHorizontalAxisName: 
  InputManagerVerticalAxisName: 
  Axis0Destination: 2
  Axis1Destination: 6
  Axis2Destination: 6
--- !u!1 &210547165
GameObject:
  m_ObjectHideFlags: 0
  m_PrefabParentObject: {fileID: 1000014073514604, guid: d379ed0a5618c9f479f58bd83a2d0ad3,
    type: 2}
  m_PrefabInternal: {fileID: 991584630}
  serializedVersion: 5
  m_Component:
  - component: {fileID: 210547166}
  - component: {fileID: 210547167}
  m_Layer: 0
  m_Name: JoystickXYRotationAxis
  m_TagString: Untagged
  m_Icon: {fileID: 0}
  m_NavMeshLayer: 0
  m_StaticEditorFlags: 0
  m_IsActive: 1
--- !u!4 &210547166
Transform:
  m_ObjectHideFlags: 0
  m_PrefabParentObject: {fileID: 4000012610367806, guid: d379ed0a5618c9f479f58bd83a2d0ad3,
    type: 2}
  m_PrefabInternal: {fileID: 991584630}
  m_GameObject: {fileID: 210547165}
  m_LocalRotation: {x: -0, y: -0, z: -0, w: 1}
  m_LocalPosition: {x: 0, y: 0, z: 0}
  m_LocalScale: {x: 1, y: 1, z: 1}
  m_Children: []
  m_Father: {fileID: 2060887550}
  m_RootOrder: 7
  m_LocalEulerAnglesHint: {x: 0, y: 0, z: 0}
--- !u!114 &210547167
MonoBehaviour:
  m_ObjectHideFlags: 0
  m_PrefabParentObject: {fileID: 114000013649663976, guid: d379ed0a5618c9f479f58bd83a2d0ad3,
    type: 2}
  m_PrefabInternal: {fileID: 991584630}
  m_GameObject: {fileID: 210547165}
  m_Enabled: 0
  m_EditorHideFlags: 0
  m_Script: {fileID: 11500000, guid: d1b627838df61e64baecc87fee2dec17, type: 3}
  m_Name: 
  m_EditorClassIdentifier: 
  SensitivityScale: 3
  UseUnscaledTime: 1
  axisType: 0
  buttonType: 21
  InputManagerHorizontalAxisName: LeftStickHorizontal
  InputManagerVerticalAxisName: LeftStickVertical
  Axis0Destination: 2
  Axis1Destination: 0
  Axis2Destination: 6
--- !u!1 &218606838
GameObject:
  m_ObjectHideFlags: 0
  m_PrefabParentObject: {fileID: 0}
  m_PrefabInternal: {fileID: 0}
  serializedVersion: 5
  m_Component:
  - component: {fileID: 218606842}
  - component: {fileID: 218606841}
  - component: {fileID: 218606840}
  - component: {fileID: 218606839}
  m_Layer: 0
  m_Name: Sphere
  m_TagString: Untagged
  m_Icon: {fileID: 0}
  m_NavMeshLayer: 0
  m_StaticEditorFlags: 0
  m_IsActive: 1
--- !u!23 &218606839
MeshRenderer:
  m_ObjectHideFlags: 0
  m_PrefabParentObject: {fileID: 0}
  m_PrefabInternal: {fileID: 0}
  m_GameObject: {fileID: 218606838}
  m_Enabled: 1
  m_CastShadows: 1
  m_ReceiveShadows: 1
  m_MotionVectors: 1
  m_LightProbeUsage: 1
  m_ReflectionProbeUsage: 1
  m_Materials:
  - {fileID: 2100000, guid: 474f0e0481d4aa14e92a5ada98042f3a, type: 2}
  m_StaticBatchInfo:
    firstSubMesh: 0
    subMeshCount: 0
  m_StaticBatchRoot: {fileID: 0}
  m_ProbeAnchor: {fileID: 0}
  m_LightProbeVolumeOverride: {fileID: 0}
  m_ScaleInLightmap: 1
  m_PreserveUVs: 1
  m_IgnoreNormalsForChartDetection: 0
  m_ImportantGI: 0
  m_SelectedEditorRenderState: 3
  m_MinimumChartSize: 4
  m_AutoUVMaxDistance: 0.5
  m_AutoUVMaxAngle: 89
  m_LightmapParameters: {fileID: 0}
  m_SortingLayerID: 0
  m_SortingOrder: 0
--- !u!135 &218606840
SphereCollider:
  m_ObjectHideFlags: 0
  m_PrefabParentObject: {fileID: 0}
  m_PrefabInternal: {fileID: 0}
  m_GameObject: {fileID: 218606838}
  m_Material: {fileID: 0}
  m_IsTrigger: 0
  m_Enabled: 1
  serializedVersion: 2
  m_Radius: 0.5
  m_Center: {x: 0, y: 0, z: 0}
--- !u!33 &218606841
MeshFilter:
  m_ObjectHideFlags: 0
  m_PrefabParentObject: {fileID: 0}
  m_PrefabInternal: {fileID: 0}
  m_GameObject: {fileID: 218606838}
  m_Mesh: {fileID: 10207, guid: 0000000000000000e000000000000000, type: 0}
--- !u!4 &218606842
Transform:
  m_ObjectHideFlags: 0
  m_PrefabParentObject: {fileID: 0}
  m_PrefabInternal: {fileID: 0}
  m_GameObject: {fileID: 218606838}
  m_LocalRotation: {x: 0, y: 0, z: 0, w: 1}
  m_LocalPosition: {x: 0, y: 0, z: 2}
  m_LocalScale: {x: 0.3, y: 0.3, z: 0.3}
  m_Children: []
  m_Father: {fileID: 0}
  m_RootOrder: 0
  m_LocalEulerAnglesHint: {x: 0, y: 0, z: 0}
--- !u!1 &296629379
GameObject:
  m_ObjectHideFlags: 0
  m_PrefabParentObject: {fileID: 1000013402879350, guid: 3eddd1c29199313478dd3f912bfab2ab,
    type: 2}
  m_PrefabInternal: {fileID: 963561480}
  serializedVersion: 5
  m_Component:
  - component: {fileID: 296629380}
  m_Layer: 0
  m_Name: HandControls
  m_TagString: Untagged
  m_Icon: {fileID: 0}
  m_NavMeshLayer: 0
  m_StaticEditorFlags: 0
  m_IsActive: 1
--- !u!4 &296629380
Transform:
  m_ObjectHideFlags: 0
  m_PrefabParentObject: {fileID: 4000011838644884, guid: 3eddd1c29199313478dd3f912bfab2ab,
    type: 2}
  m_PrefabInternal: {fileID: 963561480}
  m_GameObject: {fileID: 296629379}
  m_LocalRotation: {x: -0, y: -0, z: -0, w: 1}
  m_LocalPosition: {x: 0, y: 0, z: 0}
  m_LocalScale: {x: 1, y: 1, z: 1}
  m_Children:
  - {fileID: 1285525647}
  - {fileID: 1116989159}
  m_Father: {fileID: 1510556868}
  m_RootOrder: 0
  m_LocalEulerAnglesHint: {x: 0, y: 0, z: 0}
--- !u!1 &304231337
GameObject:
  m_ObjectHideFlags: 0
  m_PrefabParentObject: {fileID: 0}
  m_PrefabInternal: {fileID: 0}
  serializedVersion: 5
  m_Component:
  - component: {fileID: 304231339}
  m_Layer: 0
  m_Name: Managers
  m_TagString: Untagged
  m_Icon: {fileID: 0}
  m_NavMeshLayer: 0
  m_StaticEditorFlags: 0
  m_IsActive: 1
--- !u!4 &304231339
Transform:
  m_ObjectHideFlags: 0
  m_PrefabParentObject: {fileID: 0}
  m_PrefabInternal: {fileID: 0}
  m_GameObject: {fileID: 304231337}
  m_LocalRotation: {x: 0, y: 0, z: 0, w: 1}
  m_LocalPosition: {x: 0, y: 0, z: 0}
  m_LocalScale: {x: 1, y: 1, z: 1}
  m_Children:
  - {fileID: 963561481}
  m_Father: {fileID: 0}
  m_RootOrder: 4
  m_LocalEulerAnglesHint: {x: 0, y: 0, z: 0}
--- !u!1 &329256810
GameObject:
  m_ObjectHideFlags: 0
  m_PrefabParentObject: {fileID: 1000014030841020, guid: 90749889d87976143a9e21072d2434b4,
    type: 2}
  m_PrefabInternal: {fileID: 347253923}
  serializedVersion: 5
  m_Component:
  - component: {fileID: 329256811}
  m_Layer: 2
  m_Name: Cursor_SizeNorthSouth
  m_TagString: Untagged
  m_Icon: {fileID: 0}
  m_NavMeshLayer: 0
  m_StaticEditorFlags: 0
  m_IsActive: 1
--- !u!4 &329256811
Transform:
  m_ObjectHideFlags: 0
  m_PrefabParentObject: {fileID: 4000010841534134, guid: 90749889d87976143a9e21072d2434b4,
    type: 2}
  m_PrefabInternal: {fileID: 347253923}
  m_GameObject: {fileID: 329256810}
  m_LocalRotation: {x: 0, y: 0, z: 0, w: 1}
  m_LocalPosition: {x: 0, y: 0, z: 0}
  m_LocalScale: {x: 1, y: 1, z: 1}
  m_Children:
  - {fileID: 773291081}
  - {fileID: 647246378}
  m_Father: {fileID: 1552192530}
  m_RootOrder: 1
  m_LocalEulerAnglesHint: {x: 0, y: 0, z: 0}
--- !u!1001 &347253923
Prefab:
  m_ObjectHideFlags: 0
  serializedVersion: 2
  m_Modification:
    m_TransformParent: {fileID: 0}
    m_Modifications:
    - target: {fileID: 4000013243965410, guid: 90749889d87976143a9e21072d2434b4, type: 2}
      propertyPath: m_LocalPosition.x
      value: 0
      objectReference: {fileID: 0}
    - target: {fileID: 4000013243965410, guid: 90749889d87976143a9e21072d2434b4, type: 2}
      propertyPath: m_LocalPosition.y
      value: 0
      objectReference: {fileID: 0}
    - target: {fileID: 4000013243965410, guid: 90749889d87976143a9e21072d2434b4, type: 2}
      propertyPath: m_LocalPosition.z
      value: 0
      objectReference: {fileID: 0}
    - target: {fileID: 4000013243965410, guid: 90749889d87976143a9e21072d2434b4, type: 2}
      propertyPath: m_LocalRotation.x
      value: 0.7069895
      objectReference: {fileID: 0}
    - target: {fileID: 4000013243965410, guid: 90749889d87976143a9e21072d2434b4, type: 2}
      propertyPath: m_LocalRotation.y
      value: 0
      objectReference: {fileID: 0}
    - target: {fileID: 4000013243965410, guid: 90749889d87976143a9e21072d2434b4, type: 2}
      propertyPath: m_LocalRotation.z
      value: 0
      objectReference: {fileID: 0}
    - target: {fileID: 4000013243965410, guid: 90749889d87976143a9e21072d2434b4, type: 2}
      propertyPath: m_LocalRotation.w
      value: 0.707224
      objectReference: {fileID: 0}
    - target: {fileID: 4000013243965410, guid: 90749889d87976143a9e21072d2434b4, type: 2}
      propertyPath: m_RootOrder
      value: 3
      objectReference: {fileID: 0}
    m_RemovedComponents: []
  m_ParentPrefab: {fileID: 100100000, guid: 90749889d87976143a9e21072d2434b4, type: 2}
  m_RootGameObject: {fileID: 850138376}
  m_IsPrefabParent: 0
--- !u!1 &532169852
GameObject:
  m_ObjectHideFlags: 0
  m_PrefabParentObject: {fileID: 1000013020990872, guid: 90749889d87976143a9e21072d2434b4,
    type: 2}
  m_PrefabInternal: {fileID: 347253923}
  serializedVersion: 5
  m_Component:
  - component: {fileID: 532169853}
  m_Layer: 2
  m_Name: cursor_sizeNorthSouth_ring_interaction_root
  m_TagString: Untagged
  m_Icon: {fileID: 0}
  m_NavMeshLayer: 0
  m_StaticEditorFlags: 0
  m_IsActive: 1
--- !u!4 &532169853
Transform:
  m_ObjectHideFlags: 0
  m_PrefabParentObject: {fileID: 4000013622417028, guid: 90749889d87976143a9e21072d2434b4,
    type: 2}
  m_PrefabInternal: {fileID: 347253923}
  m_GameObject: {fileID: 532169852}
  m_LocalRotation: {x: 0, y: 0, z: 0, w: 1}
  m_LocalPosition: {x: -0, y: 0, z: 0.004}
  m_LocalScale: {x: 1, y: 1, z: 1}
  m_Children:
  - {fileID: 1299057805}
  m_Father: {fileID: 647246378}
  m_RootOrder: 0
  m_LocalEulerAnglesHint: {x: 0, y: 0, z: 0}
--- !u!1 &580088002
GameObject:
  m_ObjectHideFlags: 0
  m_PrefabParentObject: {fileID: 1000011704672682, guid: 90749889d87976143a9e21072d2434b4,
    type: 2}
  m_PrefabInternal: {fileID: 347253923}
  serializedVersion: 5
  m_Component:
  - component: {fileID: 580088004}
  - component: {fileID: 580088003}
  m_Layer: 2
  m_Name: FeedbackParent
  m_TagString: Untagged
  m_Icon: {fileID: 0}
  m_NavMeshLayer: 0
  m_StaticEditorFlags: 0
  m_IsActive: 1
--- !u!114 &580088003
MonoBehaviour:
  m_ObjectHideFlags: 0
  m_PrefabParentObject: {fileID: 114000010331726594, guid: 90749889d87976143a9e21072d2434b4,
    type: 2}
  m_PrefabInternal: {fileID: 347253923}
  m_GameObject: {fileID: 580088002}
  m_Enabled: 1
  m_EditorHideFlags: 0
  m_Script: {fileID: 11500000, guid: ac8d5b128a1d8204fb76c86f47b75912, type: 3}
  m_Name: 
  m_EditorClassIdentifier: 
  PivotAxis: 0
--- !u!4 &580088004
Transform:
  m_ObjectHideFlags: 0
  m_PrefabParentObject: {fileID: 4000011699401982, guid: 90749889d87976143a9e21072d2434b4,
    type: 2}
  m_PrefabInternal: {fileID: 347253923}
  m_GameObject: {fileID: 580088002}
  m_LocalRotation: {x: 0, y: 0, z: 0, w: 1}
  m_LocalPosition: {x: 0, y: 0, z: 0}
  m_LocalScale: {x: 1, y: 1, z: 1}
  m_Children:
  - {fileID: 1552192530}
  m_Father: {fileID: 850138378}
  m_RootOrder: 0
  m_LocalEulerAnglesHint: {x: 0, y: 0, z: 0}
--- !u!1 &590516148
GameObject:
  m_ObjectHideFlags: 0
  m_PrefabParentObject: {fileID: 1000011026140476, guid: d379ed0a5618c9f479f58bd83a2d0ad3,
    type: 2}
  m_PrefabInternal: {fileID: 991584630}
  serializedVersion: 5
  m_Component:
  - component: {fileID: 590516149}
  - component: {fileID: 590516150}
  m_Layer: 0
  m_Name: JoystickXYTranslationAxis
  m_TagString: Untagged
  m_Icon: {fileID: 0}
  m_NavMeshLayer: 0
  m_StaticEditorFlags: 0
  m_IsActive: 1
--- !u!4 &590516149
Transform:
  m_ObjectHideFlags: 0
  m_PrefabParentObject: {fileID: 4000014150713462, guid: d379ed0a5618c9f479f58bd83a2d0ad3,
    type: 2}
  m_PrefabInternal: {fileID: 991584630}
  m_GameObject: {fileID: 590516148}
  m_LocalRotation: {x: -0, y: -0, z: -0, w: 1}
  m_LocalPosition: {x: 0, y: 0, z: 0}
  m_LocalScale: {x: 1, y: 1, z: 1}
  m_Children: []
  m_Father: {fileID: 2060887550}
  m_RootOrder: 8
  m_LocalEulerAnglesHint: {x: 0, y: 0, z: 0}
--- !u!114 &590516150
MonoBehaviour:
  m_ObjectHideFlags: 0
  m_PrefabParentObject: {fileID: 114000010160007858, guid: d379ed0a5618c9f479f58bd83a2d0ad3,
    type: 2}
  m_PrefabInternal: {fileID: 991584630}
  m_GameObject: {fileID: 590516148}
  m_Enabled: 0
  m_EditorHideFlags: 0
  m_Script: {fileID: 11500000, guid: d1b627838df61e64baecc87fee2dec17, type: 3}
  m_Name: 
  m_EditorClassIdentifier: 
  SensitivityScale: 3
  UseUnscaledTime: 1
  axisType: 0
  buttonType: 21
  InputManagerHorizontalAxisName: LeftTrigger
  InputManagerVerticalAxisName: RightTrigger
  Axis0Destination: 2
  Axis1Destination: 3
  Axis2Destination: 6
--- !u!1 &647246377
GameObject:
  m_ObjectHideFlags: 0
  m_PrefabParentObject: {fileID: 1000010322050210, guid: 90749889d87976143a9e21072d2434b4,
    type: 2}
  m_PrefabInternal: {fileID: 347253923}
  serializedVersion: 5
  m_Component:
  - component: {fileID: 647246378}
  m_Layer: 2
  m_Name: cursor_sizeNorthSouth_ring
  m_TagString: Untagged
  m_Icon: {fileID: 0}
  m_NavMeshLayer: 0
  m_StaticEditorFlags: 0
  m_IsActive: 1
--- !u!4 &647246378
Transform:
  m_ObjectHideFlags: 0
  m_PrefabParentObject: {fileID: 4000011066195266, guid: 90749889d87976143a9e21072d2434b4,
    type: 2}
  m_PrefabInternal: {fileID: 347253923}
  m_GameObject: {fileID: 647246377}
  m_LocalRotation: {x: 0, y: 0, z: 0, w: 1}
  m_LocalPosition: {x: 0, y: 0, z: 0}
  m_LocalScale: {x: 1, y: 1, z: 1}
  m_Children:
  - {fileID: 532169853}
  - {fileID: 780456435}
  m_Father: {fileID: 329256811}
  m_RootOrder: 1
  m_LocalEulerAnglesHint: {x: 0, y: 0, z: 0}
--- !u!1 &669044605
GameObject:
  m_ObjectHideFlags: 0
  m_PrefabParentObject: {fileID: 1000010956895450, guid: d379ed0a5618c9f479f58bd83a2d0ad3,
    type: 2}
  m_PrefabInternal: {fileID: 991584630}
  serializedVersion: 5
  m_Component:
  - component: {fileID: 669044606}
  - component: {fileID: 669044607}
  m_Layer: 0
  m_Name: KeyboardXZTranslationAxis
  m_TagString: Untagged
  m_Icon: {fileID: 0}
  m_NavMeshLayer: 0
  m_StaticEditorFlags: 0
  m_IsActive: 1
--- !u!4 &669044606
Transform:
  m_ObjectHideFlags: 0
  m_PrefabParentObject: {fileID: 4000011708201582, guid: d379ed0a5618c9f479f58bd83a2d0ad3,
    type: 2}
  m_PrefabInternal: {fileID: 991584630}
  m_GameObject: {fileID: 669044605}
  m_LocalRotation: {x: -0, y: -0, z: -0, w: 1}
  m_LocalPosition: {x: 0, y: 0, z: 0}
  m_LocalScale: {x: 1, y: 1, z: 1}
  m_Children: []
  m_Father: {fileID: 2060887550}
  m_RootOrder: 6
  m_LocalEulerAnglesHint: {x: 0, y: 0, z: 0}
--- !u!114 &669044607
MonoBehaviour:
  m_ObjectHideFlags: 0
  m_PrefabParentObject: {fileID: 114000012656745502, guid: d379ed0a5618c9f479f58bd83a2d0ad3,
    type: 2}
  m_PrefabInternal: {fileID: 991584630}
  m_GameObject: {fileID: 669044605}
  m_Enabled: 1
  m_EditorHideFlags: 0
  m_Script: {fileID: 11500000, guid: d1b627838df61e64baecc87fee2dec17, type: 3}
  m_Name: 
  m_EditorClassIdentifier: 
  SensitivityScale: 3
  UseUnscaledTime: 1
  axisType: 0
  buttonType: 21
  InputManagerHorizontalAxisName: Horizontal
  InputManagerVerticalAxisName: Vertical
  Axis0Destination: 0
  Axis1Destination: 4
  Axis2Destination: 6
--- !u!1 &773291080
GameObject:
  m_ObjectHideFlags: 0
  m_PrefabParentObject: {fileID: 1000010715023990, guid: 90749889d87976143a9e21072d2434b4,
    type: 2}
  m_PrefabInternal: {fileID: 347253923}
  serializedVersion: 5
  m_Component:
  - component: {fileID: 773291081}
  m_Layer: 2
  m_Name: cursor_cross_root
  m_TagString: Untagged
  m_Icon: {fileID: 0}
  m_NavMeshLayer: 0
  m_StaticEditorFlags: 0
  m_IsActive: 1
--- !u!4 &773291081
Transform:
  m_ObjectHideFlags: 0
  m_PrefabParentObject: {fileID: 4000011695305602, guid: 90749889d87976143a9e21072d2434b4,
    type: 2}
  m_PrefabInternal: {fileID: 347253923}
  m_GameObject: {fileID: 773291080}
  m_LocalRotation: {x: 0, y: 0, z: 0, w: 1}
  m_LocalPosition: {x: 0, y: 0, z: 0}
  m_LocalScale: {x: 1, y: 1, z: 1}
  m_Children: []
  m_Father: {fileID: 329256811}
  m_RootOrder: 0
  m_LocalEulerAnglesHint: {x: 0, y: 0, z: 0}
--- !u!1 &780456434
GameObject:
  m_ObjectHideFlags: 0
  m_PrefabParentObject: {fileID: 1000012742806780, guid: 90749889d87976143a9e21072d2434b4,
    type: 2}
  m_PrefabInternal: {fileID: 347253923}
  serializedVersion: 5
  m_Component:
  - component: {fileID: 780456435}
  m_Layer: 2
  m_Name: cursor_sizeNorthSouth_ring_press_scale
  m_TagString: Untagged
  m_Icon: {fileID: 0}
  m_NavMeshLayer: 0
  m_StaticEditorFlags: 0
  m_IsActive: 1
--- !u!4 &780456435
Transform:
  m_ObjectHideFlags: 0
  m_PrefabParentObject: {fileID: 4000010087820484, guid: 90749889d87976143a9e21072d2434b4,
    type: 2}
  m_PrefabInternal: {fileID: 347253923}
  m_GameObject: {fileID: 780456434}
  m_LocalRotation: {x: 0, y: 0, z: 0, w: 1}
  m_LocalPosition: {x: -0, y: 0, z: 0.004}
  m_LocalScale: {x: 1, y: 1, z: 1}
  m_Children: []
  m_Father: {fileID: 647246378}
  m_RootOrder: 1
  m_LocalEulerAnglesHint: {x: 0, y: 0, z: 0}
--- !u!1 &818110617
GameObject:
  m_ObjectHideFlags: 0
  m_PrefabParentObject: {fileID: 1000011021619270, guid: d379ed0a5618c9f479f58bd83a2d0ad3,
    type: 2}
  m_PrefabInternal: {fileID: 991584630}
  serializedVersion: 5
  m_Component:
  - component: {fileID: 818110623}
  - component: {fileID: 818110622}
  - component: {fileID: 818110621}
  - component: {fileID: 818110620}
  - component: {fileID: 818110619}
  - component: {fileID: 818110618}
  m_Layer: 0
  m_Name: HoloLensCamera
  m_TagString: MainCamera
  m_Icon: {fileID: 0}
  m_NavMeshLayer: 0
  m_StaticEditorFlags: 0
  m_IsActive: 1
--- !u!114 &818110618
MonoBehaviour:
  m_ObjectHideFlags: 0
  m_PrefabParentObject: {fileID: 114000013543835744, guid: d379ed0a5618c9f479f58bd83a2d0ad3,
    type: 2}
  m_PrefabInternal: {fileID: 991584630}
  m_GameObject: {fileID: 818110617}
  m_Enabled: 1
  m_EditorHideFlags: 0
  m_Script: {fileID: 11500000, guid: 9cf6ab24363b7a74da25766ea8ba6809, type: 3}
  m_Name: 
  m_EditorClassIdentifier: 
  MouseSupported: 1
  MouseXYRotationAxisControl: {fileID: 40783781}
  MouseXYTranslationAxisControl: {fileID: 1240232348}
  MouseXZTranslationAxisControl: {fileID: 1987003403}
  KeyboardSupported: 1
  KeyboardXYRotationAxisControl: {fileID: 1473639083}
  KeyboardXZRotationAxisControl: {fileID: 1044299500}
  KeyboardXYTranslationAxisControl: {fileID: 155635547}
  KeyboardXZTranslationAxisControl: {fileID: 669044607}
  JoystickSupported: 0
  JoystickXYRotationAxisControl: {fileID: 210547167}
  JoystickXYTranslationAxisControl: {fileID: 590516150}
  JoystickXZTranslationAxisControl: {fileID: 1533979861}
--- !u!81 &818110619
AudioListener:
  m_ObjectHideFlags: 0
  m_PrefabParentObject: {fileID: 81000013783107718, guid: d379ed0a5618c9f479f58bd83a2d0ad3,
    type: 2}
  m_PrefabInternal: {fileID: 991584630}
  m_GameObject: {fileID: 818110617}
  m_Enabled: 1
--- !u!124 &818110620
Behaviour:
  m_ObjectHideFlags: 0
  m_PrefabParentObject: {fileID: 124000011504821460, guid: d379ed0a5618c9f479f58bd83a2d0ad3,
    type: 2}
  m_PrefabInternal: {fileID: 991584630}
  m_GameObject: {fileID: 818110617}
  m_Enabled: 1
--- !u!92 &818110621
Behaviour:
  m_ObjectHideFlags: 0
  m_PrefabParentObject: {fileID: 92000010221946138, guid: d379ed0a5618c9f479f58bd83a2d0ad3,
    type: 2}
  m_PrefabInternal: {fileID: 991584630}
  m_GameObject: {fileID: 818110617}
  m_Enabled: 1
--- !u!20 &818110622
Camera:
  m_ObjectHideFlags: 0
  m_PrefabParentObject: {fileID: 20000013304850028, guid: d379ed0a5618c9f479f58bd83a2d0ad3,
    type: 2}
  m_PrefabInternal: {fileID: 991584630}
  m_GameObject: {fileID: 818110617}
  m_Enabled: 1
  serializedVersion: 2
  m_ClearFlags: 2
  m_BackGroundColor: {r: 0, g: 0, b: 0, a: 0}
  m_NormalizedViewPortRect:
    serializedVersion: 2
    x: 0
    y: 0
    width: 1
    height: 1
  near clip plane: 0.85
  far clip plane: 1000
  field of view: 16
  orthographic: 0
  orthographic size: 5
  m_Depth: -1
  m_CullingMask:
    serializedVersion: 2
    m_Bits: 4294967295
  m_RenderingPath: -1
  m_TargetTexture: {fileID: 0}
  m_TargetDisplay: 0
  m_TargetEye: 3
  m_HDR: 0
  m_OcclusionCulling: 1
  m_StereoConvergence: 10
  m_StereoSeparation: 0.022
  m_StereoMirrorMode: 0
--- !u!4 &818110623
Transform:
  m_ObjectHideFlags: 0
  m_PrefabParentObject: {fileID: 4000010560871102, guid: d379ed0a5618c9f479f58bd83a2d0ad3,
    type: 2}
  m_PrefabInternal: {fileID: 991584630}
  m_GameObject: {fileID: 818110617}
  m_LocalRotation: {x: 0, y: 0, z: 0, w: 1}
  m_LocalPosition: {x: 0, y: 0, z: 0}
  m_LocalScale: {x: 1, y: 1, z: 1}
  m_Children:
  - {fileID: 2060887550}
  m_Father: {fileID: 0}
  m_RootOrder: 1
  m_LocalEulerAnglesHint: {x: 0, y: 0, z: 0}
--- !u!1 &850138376
GameObject:
  m_ObjectHideFlags: 0
  m_PrefabParentObject: {fileID: 1000010024638574, guid: 90749889d87976143a9e21072d2434b4,
    type: 2}
  m_PrefabInternal: {fileID: 347253923}
  serializedVersion: 5
  m_Component:
  - component: {fileID: 850138378}
  - component: {fileID: 850138377}
  m_Layer: 2
  m_Name: CursorWithFeedback
  m_TagString: Untagged
  m_Icon: {fileID: 0}
  m_NavMeshLayer: 0
  m_StaticEditorFlags: 0
  m_IsActive: 1
--- !u!114 &850138377
MonoBehaviour:
  m_ObjectHideFlags: 0
  m_PrefabParentObject: {fileID: 114000011803902180, guid: 90749889d87976143a9e21072d2434b4,
    type: 2}
  m_PrefabInternal: {fileID: 347253923}
  m_GameObject: {fileID: 850138376}
  m_Enabled: 1
  m_EditorHideFlags: 0
  m_Script: {fileID: 11500000, guid: afa1ae235bc6cfa43addd1435e2fd822, type: 3}
  m_Name: 
  m_EditorClassIdentifier: 
  MinCursorDistance: 1
  DefaultCursorDistance: 2
  SurfaceCursorDistance: 0.02
  UseUnscaledTime: 1
  PositionLerpTime: 0.01
  ScaleLerpTime: 0.01
  RotationLerpTime: 0.01
  LookRotationBlend: 0.5
  PrimaryCursorVisual: {fileID: 0}
  CursorStateData:
  - Name: Over Object No Hands
    CursorState: 1
    CursorObject: {fileID: 1330387892}
  - Name: Hands Visible
    CursorState: 2
    CursorObject: {fileID: 580088002}
  - Name: Over Object With Hands
    CursorState: 3
    CursorObject: {fileID: 580088002}
  ParentTransform: {fileID: 0}
--- !u!4 &850138378
Transform:
  m_ObjectHideFlags: 0
  m_PrefabParentObject: {fileID: 4000013243965410, guid: 90749889d87976143a9e21072d2434b4,
    type: 2}
  m_PrefabInternal: {fileID: 347253923}
  m_GameObject: {fileID: 850138376}
  m_LocalRotation: {x: 0.7069895, y: 0, z: 0, w: 0.707224}
  m_LocalPosition: {x: 0, y: 0, z: 0}
  m_LocalScale: {x: 1, y: 1, z: 1}
  m_Children:
  - {fileID: 580088004}
  - {fileID: 1330387895}
  m_Father: {fileID: 0}
  m_RootOrder: 3
  m_LocalEulerAnglesHint: {x: 0, y: 0, z: 0}
--- !u!1 &903861883
GameObject:
  m_ObjectHideFlags: 0
  m_PrefabParentObject: {fileID: 1000012835389718, guid: 3eddd1c29199313478dd3f912bfab2ab,
    type: 2}
  m_PrefabInternal: {fileID: 963561480}
  serializedVersion: 5
  m_Component:
  - component: {fileID: 903861884}
  - component: {fileID: 903861885}
  m_Layer: 0
  m_Name: XZTranslationAxis
  m_TagString: Untagged
  m_Icon: {fileID: 0}
  m_NavMeshLayer: 0
  m_StaticEditorFlags: 0
  m_IsActive: 1
--- !u!4 &903861884
Transform:
  m_ObjectHideFlags: 0
  m_PrefabParentObject: {fileID: 4000012179495490, guid: 3eddd1c29199313478dd3f912bfab2ab,
    type: 2}
  m_PrefabInternal: {fileID: 963561480}
  m_GameObject: {fileID: 903861883}
  m_LocalRotation: {x: 0, y: 0, z: 0, w: 1}
  m_LocalPosition: {x: 0, y: 0, z: 0}
  m_LocalScale: {x: 1, y: 1, z: 1}
  m_Children: []
  m_Father: {fileID: 1285525647}
  m_RootOrder: 1
  m_LocalEulerAnglesHint: {x: 0, y: 0, z: 0}
--- !u!114 &903861885
MonoBehaviour:
  m_ObjectHideFlags: 0
  m_PrefabParentObject: {fileID: 114000010160081412, guid: 3eddd1c29199313478dd3f912bfab2ab,
    type: 2}
  m_PrefabInternal: {fileID: 963561480}
  m_GameObject: {fileID: 903861883}
  m_Enabled: 1
  m_EditorHideFlags: 0
  m_Script: {fileID: 11500000, guid: d1b627838df61e64baecc87fee2dec17, type: 3}
  m_Name: 
  m_EditorClassIdentifier: 
  SensitivityScale: 0.5
  UseUnscaledTime: 1
  axisType: 12
  buttonType: 4
  InputManagerHorizontalAxisName: 
  InputManagerVerticalAxisName: 
  Axis0Destination: 4
  Axis1Destination: 6
  Axis2Destination: 6
--- !u!1001 &963561480
Prefab:
  m_ObjectHideFlags: 0
  serializedVersion: 2
  m_Modification:
    m_TransformParent: {fileID: 304231339}
    m_Modifications:
    - target: {fileID: 4000011656901714, guid: 3eddd1c29199313478dd3f912bfab2ab, type: 2}
      propertyPath: m_LocalPosition.x
      value: 0
      objectReference: {fileID: 0}
    - target: {fileID: 4000011656901714, guid: 3eddd1c29199313478dd3f912bfab2ab, type: 2}
      propertyPath: m_LocalPosition.y
      value: 0
      objectReference: {fileID: 0}
    - target: {fileID: 4000011656901714, guid: 3eddd1c29199313478dd3f912bfab2ab, type: 2}
      propertyPath: m_LocalPosition.z
      value: 0
      objectReference: {fileID: 0}
    - target: {fileID: 4000011656901714, guid: 3eddd1c29199313478dd3f912bfab2ab, type: 2}
      propertyPath: m_LocalRotation.x
      value: 0
      objectReference: {fileID: 0}
    - target: {fileID: 4000011656901714, guid: 3eddd1c29199313478dd3f912bfab2ab, type: 2}
      propertyPath: m_LocalRotation.y
      value: 0
      objectReference: {fileID: 0}
    - target: {fileID: 4000011656901714, guid: 3eddd1c29199313478dd3f912bfab2ab, type: 2}
      propertyPath: m_LocalRotation.z
      value: 0
      objectReference: {fileID: 0}
    - target: {fileID: 4000011656901714, guid: 3eddd1c29199313478dd3f912bfab2ab, type: 2}
      propertyPath: m_LocalRotation.w
      value: 1
      objectReference: {fileID: 0}
    - target: {fileID: 4000011656901714, guid: 3eddd1c29199313478dd3f912bfab2ab, type: 2}
      propertyPath: m_RootOrder
      value: 0
      objectReference: {fileID: 0}
    m_RemovedComponents: []
  m_ParentPrefab: {fileID: 100100000, guid: 3eddd1c29199313478dd3f912bfab2ab, type: 2}
  m_RootGameObject: {fileID: 1380334063}
  m_IsPrefabParent: 0
--- !u!4 &963561481
Transform:
  m_ObjectHideFlags: 0
  m_PrefabParentObject: {fileID: 4000011656901714, guid: 3eddd1c29199313478dd3f912bfab2ab,
    type: 2}
  m_PrefabInternal: {fileID: 963561480}
  m_GameObject: {fileID: 1380334063}
  m_LocalRotation: {x: 0, y: 0, z: 0, w: 1}
  m_LocalPosition: {x: 0, y: 0, z: 0}
  m_LocalScale: {x: 1, y: 1, z: 1}
  m_Children:
  - {fileID: 1651363533}
  - {fileID: 1510556868}
  - {fileID: 1765698592}
  m_Father: {fileID: 304231339}
  m_RootOrder: 0
  m_LocalEulerAnglesHint: {x: 0, y: 0, z: 0}
--- !u!1 &980436371
GameObject:
  m_ObjectHideFlags: 0
  m_PrefabParentObject: {fileID: 1000010722508446, guid: 3eddd1c29199313478dd3f912bfab2ab,
    type: 2}
  m_PrefabInternal: {fileID: 963561480}
  serializedVersion: 5
  m_Component:
  - component: {fileID: 980436372}
  - component: {fileID: 980436373}
  m_Layer: 0
  m_Name: XYTranslationAxis
  m_TagString: Untagged
  m_Icon: {fileID: 0}
  m_NavMeshLayer: 0
  m_StaticEditorFlags: 0
  m_IsActive: 1
--- !u!4 &980436372
Transform:
  m_ObjectHideFlags: 0
  m_PrefabParentObject: {fileID: 4000011352983594, guid: 3eddd1c29199313478dd3f912bfab2ab,
    type: 2}
  m_PrefabInternal: {fileID: 963561480}
  m_GameObject: {fileID: 980436371}
  m_LocalRotation: {x: 0, y: 0, z: 0, w: 1}
  m_LocalPosition: {x: 0, y: 0, z: 0}
  m_LocalScale: {x: 1, y: 1, z: 1}
  m_Children: []
  m_Father: {fileID: 1285525647}
  m_RootOrder: 0
  m_LocalEulerAnglesHint: {x: 0, y: 0, z: 0}
--- !u!114 &980436373
MonoBehaviour:
  m_ObjectHideFlags: 0
  m_PrefabParentObject: {fileID: 114000013582617810, guid: 3eddd1c29199313478dd3f912bfab2ab,
    type: 2}
  m_PrefabInternal: {fileID: 963561480}
  m_GameObject: {fileID: 980436371}
  m_Enabled: 1
  m_EditorHideFlags: 0
  m_Script: {fileID: 11500000, guid: d1b627838df61e64baecc87fee2dec17, type: 3}
  m_Name: 
  m_EditorClassIdentifier: 
  SensitivityScale: 1
  UseUnscaledTime: 1
  axisType: 11
  buttonType: 4
  InputManagerHorizontalAxisName: 
  InputManagerVerticalAxisName: 
  Axis0Destination: 3
  Axis1Destination: 0
  Axis2Destination: 6
--- !u!1001 &991584630
Prefab:
  m_ObjectHideFlags: 0
  serializedVersion: 2
  m_Modification:
    m_TransformParent: {fileID: 0}
    m_Modifications:
    - target: {fileID: 4000010560871102, guid: d379ed0a5618c9f479f58bd83a2d0ad3, type: 2}
      propertyPath: m_LocalPosition.x
      value: 0
      objectReference: {fileID: 0}
    - target: {fileID: 4000010560871102, guid: d379ed0a5618c9f479f58bd83a2d0ad3, type: 2}
      propertyPath: m_LocalPosition.y
      value: 0
      objectReference: {fileID: 0}
    - target: {fileID: 4000010560871102, guid: d379ed0a5618c9f479f58bd83a2d0ad3, type: 2}
      propertyPath: m_LocalPosition.z
      value: 0
      objectReference: {fileID: 0}
    - target: {fileID: 4000010560871102, guid: d379ed0a5618c9f479f58bd83a2d0ad3, type: 2}
      propertyPath: m_LocalRotation.x
      value: 0
      objectReference: {fileID: 0}
    - target: {fileID: 4000010560871102, guid: d379ed0a5618c9f479f58bd83a2d0ad3, type: 2}
      propertyPath: m_LocalRotation.y
      value: 0
      objectReference: {fileID: 0}
    - target: {fileID: 4000010560871102, guid: d379ed0a5618c9f479f58bd83a2d0ad3, type: 2}
      propertyPath: m_LocalRotation.z
      value: 0
      objectReference: {fileID: 0}
    - target: {fileID: 4000010560871102, guid: d379ed0a5618c9f479f58bd83a2d0ad3, type: 2}
      propertyPath: m_LocalRotation.w
      value: 1
      objectReference: {fileID: 0}
    - target: {fileID: 4000010560871102, guid: d379ed0a5618c9f479f58bd83a2d0ad3, type: 2}
      propertyPath: m_RootOrder
      value: 1
      objectReference: {fileID: 0}
    m_RemovedComponents: []
  m_ParentPrefab: {fileID: 100100000, guid: d379ed0a5618c9f479f58bd83a2d0ad3, type: 2}
  m_RootGameObject: {fileID: 818110617}
  m_IsPrefabParent: 0
--- !u!1 &1044299498
GameObject:
  m_ObjectHideFlags: 0
  m_PrefabParentObject: {fileID: 1000013425959562, guid: d379ed0a5618c9f479f58bd83a2d0ad3,
    type: 2}
  m_PrefabInternal: {fileID: 991584630}
  serializedVersion: 5
  m_Component:
  - component: {fileID: 1044299499}
  - component: {fileID: 1044299500}
  m_Layer: 0
  m_Name: KeyboardXZRotationAxis
  m_TagString: Untagged
  m_Icon: {fileID: 0}
  m_NavMeshLayer: 0
  m_StaticEditorFlags: 0
  m_IsActive: 1
--- !u!4 &1044299499
Transform:
  m_ObjectHideFlags: 0
  m_PrefabParentObject: {fileID: 4000012536474926, guid: d379ed0a5618c9f479f58bd83a2d0ad3,
    type: 2}
  m_PrefabInternal: {fileID: 991584630}
  m_GameObject: {fileID: 1044299498}
  m_LocalRotation: {x: -0, y: -0, z: -0, w: 1}
  m_LocalPosition: {x: 0, y: 0, z: 0}
  m_LocalScale: {x: 1, y: 1, z: 1}
  m_Children: []
  m_Father: {fileID: 2060887550}
  m_RootOrder: 4
  m_LocalEulerAnglesHint: {x: 0, y: 0, z: 0}
--- !u!114 &1044299500
MonoBehaviour:
  m_ObjectHideFlags: 0
  m_PrefabParentObject: {fileID: 114000014171224568, guid: d379ed0a5618c9f479f58bd83a2d0ad3,
    type: 2}
  m_PrefabInternal: {fileID: 991584630}
  m_GameObject: {fileID: 1044299498}
  m_Enabled: 1
  m_EditorHideFlags: 0
  m_Script: {fileID: 11500000, guid: d1b627838df61e64baecc87fee2dec17, type: 3}
  m_Name: 
  m_EditorClassIdentifier: 
  SensitivityScale: 1
  UseUnscaledTime: 1
  axisType: 7
  buttonType: 21
  InputManagerHorizontalAxisName: 
  InputManagerVerticalAxisName: 
  Axis0Destination: 5
  Axis1Destination: 4
  Axis2Destination: 6
--- !u!1 &1063940365
GameObject:
  m_ObjectHideFlags: 0
  m_PrefabParentObject: {fileID: 1000010652855520, guid: 3eddd1c29199313478dd3f912bfab2ab,
    type: 2}
  m_PrefabInternal: {fileID: 963561480}
  serializedVersion: 5
  m_Component:
  - component: {fileID: 1063940366}
  - component: {fileID: 1063940368}
  - component: {fileID: 1063940367}
  m_Layer: 0
  m_Name: RightHandMarkerQuad
  m_TagString: Untagged
  m_Icon: {fileID: 0}
  m_NavMeshLayer: 0
  m_StaticEditorFlags: 0
  m_IsActive: 0
--- !u!4 &1063940366
Transform:
  m_ObjectHideFlags: 0
  m_PrefabParentObject: {fileID: 4000010985388306, guid: 3eddd1c29199313478dd3f912bfab2ab,
    type: 2}
  m_PrefabInternal: {fileID: 963561480}
  m_GameObject: {fileID: 1063940365}
  m_LocalRotation: {x: -0, y: -0, z: -0, w: 1}
  m_LocalPosition: {x: 0.05, y: -0.09, z: 0.9}
  m_LocalScale: {x: 0.025, y: 0.025, z: 0.025}
  m_Children: []
  m_Father: {fileID: 1116989159}
  m_RootOrder: 4
  m_LocalEulerAnglesHint: {x: 0, y: 0, z: 0}
--- !u!23 &1063940367
MeshRenderer:
  m_ObjectHideFlags: 0
  m_PrefabParentObject: {fileID: 23000014275679654, guid: 3eddd1c29199313478dd3f912bfab2ab,
    type: 2}
  m_PrefabInternal: {fileID: 963561480}
  m_GameObject: {fileID: 1063940365}
  m_Enabled: 1
  m_CastShadows: 1
  m_ReceiveShadows: 1
  m_MotionVectors: 1
  m_LightProbeUsage: 1
  m_ReflectionProbeUsage: 1
  m_Materials:
  - {fileID: 2100000, guid: e3614b053e3b0bd4b8efece8f50c21ad, type: 2}
  m_StaticBatchInfo:
    firstSubMesh: 0
    subMeshCount: 0
  m_StaticBatchRoot: {fileID: 0}
  m_ProbeAnchor: {fileID: 0}
  m_LightProbeVolumeOverride: {fileID: 0}
  m_ScaleInLightmap: 1
  m_PreserveUVs: 1
  m_IgnoreNormalsForChartDetection: 0
  m_ImportantGI: 0
  m_SelectedEditorRenderState: 3
  m_MinimumChartSize: 4
  m_AutoUVMaxDistance: 0.5
  m_AutoUVMaxAngle: 89
  m_LightmapParameters: {fileID: 0}
  m_SortingLayerID: 0
  m_SortingOrder: 0
--- !u!33 &1063940368
MeshFilter:
  m_ObjectHideFlags: 0
  m_PrefabParentObject: {fileID: 33000011755631056, guid: 3eddd1c29199313478dd3f912bfab2ab,
    type: 2}
  m_PrefabInternal: {fileID: 963561480}
  m_GameObject: {fileID: 1063940365}
  m_Mesh: {fileID: 10210, guid: 0000000000000000e000000000000000, type: 0}
--- !u!1 &1116989158
GameObject:
  m_ObjectHideFlags: 0
  m_PrefabParentObject: {fileID: 1000014258050880, guid: 3eddd1c29199313478dd3f912bfab2ab,
    type: 2}
  m_PrefabInternal: {fileID: 963561480}
  serializedVersion: 5
  m_Component:
  - component: {fileID: 1116989159}
  m_Layer: 0
  m_Name: RightHand
  m_TagString: Untagged
  m_Icon: {fileID: 0}
  m_NavMeshLayer: 0
  m_StaticEditorFlags: 0
  m_IsActive: 1
--- !u!4 &1116989159
Transform:
  m_ObjectHideFlags: 0
  m_PrefabParentObject: {fileID: 4000012651543500, guid: 3eddd1c29199313478dd3f912bfab2ab,
    type: 2}
  m_PrefabInternal: {fileID: 963561480}
  m_GameObject: {fileID: 1116989158}
  m_LocalRotation: {x: 0, y: 0, z: 0, w: 1}
  m_LocalPosition: {x: 0, y: 0, z: 0}
  m_LocalScale: {x: 1, y: 1, z: 1}
  m_Children:
  - {fileID: 148100164}
  - {fileID: 1692214221}
  - {fileID: 2115630725}
  - {fileID: 2126944663}
  - {fileID: 1063940366}
  m_Father: {fileID: 296629380}
  m_RootOrder: 1
  m_LocalEulerAnglesHint: {x: 0, y: 0, z: 0}
--- !u!1 &1231311945
GameObject:
  m_ObjectHideFlags: 0
  m_PrefabParentObject: {fileID: 1000012762340454, guid: 90749889d87976143a9e21072d2434b4,
    type: 2}
  m_PrefabInternal: {fileID: 347253923}
  serializedVersion: 5
  m_Component:
  - component: {fileID: 1231311946}
  m_Layer: 2
  m_Name: Cursor_Ring
  m_TagString: Untagged
  m_Icon: {fileID: 0}
  m_NavMeshLayer: 0
  m_StaticEditorFlags: 0
  m_IsActive: 1
--- !u!4 &1231311946
Transform:
  m_ObjectHideFlags: 0
  m_PrefabParentObject: {fileID: 4000010452078394, guid: 90749889d87976143a9e21072d2434b4,
    type: 2}
  m_PrefabInternal: {fileID: 347253923}
  m_GameObject: {fileID: 1231311945}
  m_LocalRotation: {x: 0, y: 0, z: 0, w: 1}
  m_LocalPosition: {x: 0, y: 0, z: 0}
  m_LocalScale: {x: 1, y: 1, z: 1}
  m_Children:
  - {fileID: 1323709127}
  m_Father: {fileID: 1552192530}
  m_RootOrder: 0
  m_LocalEulerAnglesHint: {x: 0, y: 0, z: 0}
--- !u!1 &1240232346
GameObject:
  m_ObjectHideFlags: 0
  m_PrefabParentObject: {fileID: 1000012744789930, guid: d379ed0a5618c9f479f58bd83a2d0ad3,
    type: 2}
  m_PrefabInternal: {fileID: 991584630}
  serializedVersion: 5
  m_Component:
  - component: {fileID: 1240232347}
  - component: {fileID: 1240232348}
  m_Layer: 0
  m_Name: MouseXYTranslationAxis
  m_TagString: Untagged
  m_Icon: {fileID: 0}
  m_NavMeshLayer: 0
  m_StaticEditorFlags: 0
  m_IsActive: 1
--- !u!4 &1240232347
Transform:
  m_ObjectHideFlags: 0
  m_PrefabParentObject: {fileID: 4000010393938340, guid: d379ed0a5618c9f479f58bd83a2d0ad3,
    type: 2}
  m_PrefabInternal: {fileID: 991584630}
  m_GameObject: {fileID: 1240232346}
  m_LocalRotation: {x: -0, y: -0, z: -0, w: 1}
  m_LocalPosition: {x: 0, y: 0, z: 0}
  m_LocalScale: {x: 1, y: 1, z: 1}
  m_Children: []
  m_Father: {fileID: 2060887550}
  m_RootOrder: 1
  m_LocalEulerAnglesHint: {x: 0, y: 0, z: 0}
--- !u!114 &1240232348
MonoBehaviour:
  m_ObjectHideFlags: 0
  m_PrefabParentObject: {fileID: 114000011359953050, guid: d379ed0a5618c9f479f58bd83a2d0ad3,
    type: 2}
  m_PrefabInternal: {fileID: 991584630}
  m_GameObject: {fileID: 1240232346}
  m_Enabled: 1
  m_EditorHideFlags: 0
  m_Script: {fileID: 11500000, guid: d1b627838df61e64baecc87fee2dec17, type: 3}
  m_Name: 
  m_EditorClassIdentifier: 
  SensitivityScale: 1
  UseUnscaledTime: 1
  axisType: 13
  buttonType: 21
  InputManagerHorizontalAxisName: 
  InputManagerVerticalAxisName: 
  Axis0Destination: 0
  Axis1Destination: 2
  Axis2Destination: 6
--- !u!1 &1285525646
GameObject:
  m_ObjectHideFlags: 0
  m_PrefabParentObject: {fileID: 1000013347501094, guid: 3eddd1c29199313478dd3f912bfab2ab,
    type: 2}
  m_PrefabInternal: {fileID: 963561480}
  serializedVersion: 5
  m_Component:
  - component: {fileID: 1285525647}
  m_Layer: 0
  m_Name: LeftHand
  m_TagString: Untagged
  m_Icon: {fileID: 0}
  m_NavMeshLayer: 0
  m_StaticEditorFlags: 0
  m_IsActive: 1
--- !u!4 &1285525647
Transform:
  m_ObjectHideFlags: 0
  m_PrefabParentObject: {fileID: 4000012746438650, guid: 3eddd1c29199313478dd3f912bfab2ab,
    type: 2}
  m_PrefabInternal: {fileID: 963561480}
  m_GameObject: {fileID: 1285525646}
  m_LocalRotation: {x: 0, y: 0, z: 0, w: 1}
  m_LocalPosition: {x: 0, y: 0, z: 0}
  m_LocalScale: {x: 1, y: 1, z: 1}
  m_Children:
  - {fileID: 980436372}
  - {fileID: 903861884}
  - {fileID: 1747364176}
  - {fileID: 2118195977}
  - {fileID: 1930397159}
  m_Father: {fileID: 296629380}
  m_RootOrder: 0
  m_LocalEulerAnglesHint: {x: 0, y: 0, z: 0}
--- !u!1 &1299057804
GameObject:
  m_ObjectHideFlags: 0
  m_PrefabParentObject: {fileID: 1000010093781024, guid: 90749889d87976143a9e21072d2434b4,
    type: 2}
  m_PrefabInternal: {fileID: 347253923}
  serializedVersion: 5
  m_Component:
  - component: {fileID: 1299057805}
  - component: {fileID: 1299057807}
  - component: {fileID: 1299057806}
  m_Layer: 2
  m_Name: cursor_sizeNorthSouth_ring_interaction
  m_TagString: Untagged
  m_Icon: {fileID: 0}
  m_NavMeshLayer: 0
  m_StaticEditorFlags: 0
  m_IsActive: 1
--- !u!4 &1299057805
Transform:
  m_ObjectHideFlags: 0
  m_PrefabParentObject: {fileID: 4000012440933642, guid: 90749889d87976143a9e21072d2434b4,
    type: 2}
  m_PrefabInternal: {fileID: 347253923}
  m_GameObject: {fileID: 1299057804}
  m_LocalRotation: {x: 0, y: 0, z: 0, w: 1}
  m_LocalPosition: {x: 0.0017081683, y: 0.0013783139, z: -0.0012663525}
  m_LocalScale: {x: 0.02853388, y: 0.025535913, z: 0.03006477}
  m_Children: []
  m_Father: {fileID: 532169853}
  m_RootOrder: 0
  m_LocalEulerAnglesHint: {x: 0, y: 0, z: 0}
--- !u!23 &1299057806
MeshRenderer:
  m_ObjectHideFlags: 0
  m_PrefabParentObject: {fileID: 23000011644528258, guid: 90749889d87976143a9e21072d2434b4,
    type: 2}
  m_PrefabInternal: {fileID: 347253923}
  m_GameObject: {fileID: 1299057804}
  m_Enabled: 1
  m_CastShadows: 1
  m_ReceiveShadows: 1
  m_MotionVectors: 1
  m_LightProbeUsage: 1
  m_ReflectionProbeUsage: 1
  m_Materials:
  - {fileID: 2100000, guid: e3614b053e3b0bd4b8efece8f50c21ad, type: 2}
  m_StaticBatchInfo:
    firstSubMesh: 0
    subMeshCount: 0
  m_StaticBatchRoot: {fileID: 0}
  m_ProbeAnchor: {fileID: 0}
  m_LightProbeVolumeOverride: {fileID: 0}
  m_ScaleInLightmap: 1
  m_PreserveUVs: 0
  m_IgnoreNormalsForChartDetection: 0
  m_ImportantGI: 0
  m_SelectedEditorRenderState: 3
  m_MinimumChartSize: 4
  m_AutoUVMaxDistance: 0.5
  m_AutoUVMaxAngle: 89
  m_LightmapParameters: {fileID: 0}
  m_SortingLayerID: 0
  m_SortingOrder: 0
--- !u!33 &1299057807
MeshFilter:
  m_ObjectHideFlags: 0
  m_PrefabParentObject: {fileID: 33000010851415662, guid: 90749889d87976143a9e21072d2434b4,
    type: 2}
  m_PrefabInternal: {fileID: 347253923}
  m_GameObject: {fileID: 1299057804}
  m_Mesh: {fileID: 4300000, guid: 20553dcf305b52a4e84f5e4f56e5afdc, type: 3}
--- !u!1 &1323709126
GameObject:
  m_ObjectHideFlags: 0
  m_PrefabParentObject: {fileID: 1000013805455168, guid: 90749889d87976143a9e21072d2434b4,
    type: 2}
  m_PrefabInternal: {fileID: 347253923}
  serializedVersion: 5
  m_Component:
  - component: {fileID: 1323709127}
  m_Layer: 2
  m_Name: ring_observation_scale
  m_TagString: Untagged
  m_Icon: {fileID: 0}
  m_NavMeshLayer: 0
  m_StaticEditorFlags: 0
  m_IsActive: 1
--- !u!4 &1323709127
Transform:
  m_ObjectHideFlags: 0
  m_PrefabParentObject: {fileID: 4000013060984414, guid: 90749889d87976143a9e21072d2434b4,
    type: 2}
  m_PrefabInternal: {fileID: 347253923}
  m_GameObject: {fileID: 1323709126}
  m_LocalRotation: {x: 0, y: 0, z: 0, w: 1}
  m_LocalPosition: {x: -0, y: 0, z: 0.002}
  m_LocalScale: {x: 1, y: 1, z: 1}
  m_Children: []
  m_Father: {fileID: 1231311946}
  m_RootOrder: 0
  m_LocalEulerAnglesHint: {x: 0, y: 0, z: 0}
--- !u!1 &1330387892
GameObject:
  m_ObjectHideFlags: 0
  m_PrefabParentObject: {fileID: 1000012125673284, guid: 90749889d87976143a9e21072d2434b4,
    type: 2}
  m_PrefabInternal: {fileID: 347253923}
  serializedVersion: 5
  m_Component:
  - component: {fileID: 1330387895}
  - component: {fileID: 1330387894}
  - component: {fileID: 1330387893}
  m_Layer: 2
  m_Name: CursorVisual
  m_TagString: Untagged
  m_Icon: {fileID: 0}
  m_NavMeshLayer: 0
  m_StaticEditorFlags: 0
  m_IsActive: 1
--- !u!23 &1330387893
MeshRenderer:
  m_ObjectHideFlags: 0
  m_PrefabParentObject: {fileID: 23000010103078400, guid: 90749889d87976143a9e21072d2434b4,
    type: 2}
  m_PrefabInternal: {fileID: 347253923}
  m_GameObject: {fileID: 1330387892}
  m_Enabled: 1
  m_CastShadows: 1
  m_ReceiveShadows: 1
  m_MotionVectors: 1
  m_LightProbeUsage: 1
  m_ReflectionProbeUsage: 1
  m_Materials:
  - {fileID: 2100000, guid: a2c9c4679b0c3cf47b3ba3a449c985d7, type: 2}
  m_StaticBatchInfo:
    firstSubMesh: 0
    subMeshCount: 0
  m_StaticBatchRoot: {fileID: 0}
  m_ProbeAnchor: {fileID: 0}
  m_LightProbeVolumeOverride: {fileID: 0}
  m_ScaleInLightmap: 1
  m_PreserveUVs: 0
  m_IgnoreNormalsForChartDetection: 0
  m_ImportantGI: 0
  m_SelectedEditorRenderState: 3
  m_MinimumChartSize: 4
  m_AutoUVMaxDistance: 0.5
  m_AutoUVMaxAngle: 89
  m_LightmapParameters: {fileID: 0}
  m_SortingLayerID: 0
  m_SortingOrder: 0
--- !u!33 &1330387894
MeshFilter:
  m_ObjectHideFlags: 0
  m_PrefabParentObject: {fileID: 33000014094570260, guid: 90749889d87976143a9e21072d2434b4,
    type: 2}
  m_PrefabInternal: {fileID: 347253923}
  m_GameObject: {fileID: 1330387892}
  m_Mesh: {fileID: 4300000, guid: c1000081192be7347a0ad0c380ed6171, type: 3}
--- !u!4 &1330387895
Transform:
  m_ObjectHideFlags: 0
  m_PrefabParentObject: {fileID: 4000012320641616, guid: 90749889d87976143a9e21072d2434b4,
    type: 2}
  m_PrefabInternal: {fileID: 347253923}
  m_GameObject: {fileID: 1330387892}
  m_LocalRotation: {x: 0, y: 0, z: 0, w: 1}
  m_LocalPosition: {x: 0, y: 0, z: 0}
  m_LocalScale: {x: 1, y: 1, z: 1}
  m_Children: []
  m_Father: {fileID: 850138378}
  m_RootOrder: 1
  m_LocalEulerAnglesHint: {x: 0, y: 0, z: 0}
--- !u!1 &1343600549
GameObject:
  m_ObjectHideFlags: 0
  m_PrefabParentObject: {fileID: 0}
  m_PrefabInternal: {fileID: 0}
  serializedVersion: 5
  m_Component:
  - component: {fileID: 1343600553}
  - component: {fileID: 1343600552}
  - component: {fileID: 1343600551}
  - component: {fileID: 1343600550}
  m_Layer: 0
  m_Name: Cube
  m_TagString: Untagged
  m_Icon: {fileID: 0}
  m_NavMeshLayer: 0
  m_StaticEditorFlags: 0
  m_IsActive: 1
--- !u!23 &1343600550
MeshRenderer:
  m_ObjectHideFlags: 0
  m_PrefabParentObject: {fileID: 0}
  m_PrefabInternal: {fileID: 0}
  m_GameObject: {fileID: 1343600549}
  m_Enabled: 1
  m_CastShadows: 1
  m_ReceiveShadows: 1
  m_MotionVectors: 1
  m_LightProbeUsage: 1
  m_ReflectionProbeUsage: 1
  m_Materials:
  - {fileID: 2100000, guid: 474f0e0481d4aa14e92a5ada98042f3a, type: 2}
  m_StaticBatchInfo:
    firstSubMesh: 0
    subMeshCount: 0
  m_StaticBatchRoot: {fileID: 0}
  m_ProbeAnchor: {fileID: 0}
  m_LightProbeVolumeOverride: {fileID: 0}
  m_ScaleInLightmap: 1
  m_PreserveUVs: 1
  m_IgnoreNormalsForChartDetection: 0
  m_ImportantGI: 0
  m_SelectedEditorRenderState: 3
  m_MinimumChartSize: 4
  m_AutoUVMaxDistance: 0.5
  m_AutoUVMaxAngle: 89
  m_LightmapParameters: {fileID: 0}
  m_SortingLayerID: 0
  m_SortingOrder: 0
--- !u!65 &1343600551
BoxCollider:
  m_ObjectHideFlags: 0
  m_PrefabParentObject: {fileID: 0}
  m_PrefabInternal: {fileID: 0}
  m_GameObject: {fileID: 1343600549}
  m_Material: {fileID: 0}
  m_IsTrigger: 0
  m_Enabled: 1
  serializedVersion: 2
  m_Size: {x: 1, y: 1, z: 1}
  m_Center: {x: 0, y: 0, z: 0}
--- !u!33 &1343600552
MeshFilter:
  m_ObjectHideFlags: 0
  m_PrefabParentObject: {fileID: 0}
  m_PrefabInternal: {fileID: 0}
  m_GameObject: {fileID: 1343600549}
  m_Mesh: {fileID: 10202, guid: 0000000000000000e000000000000000, type: 0}
--- !u!4 &1343600553
Transform:
  m_ObjectHideFlags: 0
  m_PrefabParentObject: {fileID: 0}
  m_PrefabInternal: {fileID: 0}
  m_GameObject: {fileID: 1343600549}
  m_LocalRotation: {x: 0, y: 0, z: 0, w: 1}
  m_LocalPosition: {x: 2, y: 0, z: 2}
  m_LocalScale: {x: 0.3, y: 0.3, z: 0.3}
  m_Children: []
  m_Father: {fileID: 0}
  m_RootOrder: 2
  m_LocalEulerAnglesHint: {x: 0, y: 0, z: 0}
--- !u!1 &1380334063
GameObject:
  m_ObjectHideFlags: 0
  m_PrefabParentObject: {fileID: 1000011070707148, guid: 3eddd1c29199313478dd3f912bfab2ab,
    type: 2}
  m_PrefabInternal: {fileID: 963561480}
  serializedVersion: 5
  m_Component:
  - component: {fileID: 963561481}
  - component: {fileID: 1380334067}
  - component: {fileID: 1380334066}
  - component: {fileID: 1380334065}
  - component: {fileID: 1380334064}
  m_Layer: 0
  m_Name: InputManager
  m_TagString: Untagged
  m_Icon: {fileID: 0}
  m_NavMeshLayer: 0
  m_StaticEditorFlags: 0
  m_IsActive: 1
--- !u!114 &1380334064
MonoBehaviour:
  m_ObjectHideFlags: 0
  m_PrefabParentObject: {fileID: 114000013868099214, guid: 3eddd1c29199313478dd3f912bfab2ab,
    type: 2}
  m_PrefabInternal: {fileID: 963561480}
  m_GameObject: {fileID: 1380334063}
  m_Enabled: 1
  m_EditorHideFlags: 0
  m_Script: {fileID: 11500000, guid: 37870ab7a81bfb74b9fa277cf45b06d2, type: 3}
  m_Name: 
  m_EditorClassIdentifier: 
  SetStabilizationPlane: 1
  UseUnscaledTime: 1
  LerpStabilizationPlanePowerCloser: 4
  LerpStabilizationPlanePowerFarther: 7
  targetOverride: {fileID: 0}
  trackVelocity: 0
  UseGazeManager: 1
  DefaultPlaneDistance: 2
  DrawGizmos: 0
--- !u!114 &1380334065
MonoBehaviour:
  m_ObjectHideFlags: 0
  m_PrefabParentObject: {fileID: 114000012434513746, guid: 3eddd1c29199313478dd3f912bfab2ab,
    type: 2}
  m_PrefabInternal: {fileID: 963561480}
  m_GameObject: {fileID: 1380334063}
  m_Enabled: 1
  m_EditorHideFlags: 0
  m_Script: {fileID: 11500000, guid: b160d197a8ca1894796ae263bafec0ac, type: 3}
  m_Name: 
  m_EditorClassIdentifier: 
--- !u!114 &1380334066
MonoBehaviour:
  m_ObjectHideFlags: 0
  m_PrefabParentObject: {fileID: 114000011980027866, guid: 3eddd1c29199313478dd3f912bfab2ab,
    type: 2}
  m_PrefabInternal: {fileID: 963561480}
  m_GameObject: {fileID: 1380334063}
  m_Enabled: 1
  m_EditorHideFlags: 0
  m_Script: {fileID: 11500000, guid: b81e3e700505863408cacaa0346cb1a6, type: 3}
  m_Name: 
  m_EditorClassIdentifier: 
  StoredStabilitySamples: 60
--- !u!114 &1380334067
MonoBehaviour:
  m_ObjectHideFlags: 0
  m_PrefabParentObject: {fileID: 114000012009196210, guid: 3eddd1c29199313478dd3f912bfab2ab,
    type: 2}
  m_PrefabInternal: {fileID: 963561480}
  m_GameObject: {fileID: 1380334063}
  m_Enabled: 1
  m_EditorHideFlags: 0
  m_Script: {fileID: 11500000, guid: 4d1a2a33ffcac354298137001635a001, type: 3}
  m_Name: 
  m_EditorClassIdentifier: 
  MaxGazeCollisionDistance: 10
  RaycastLayerMasks:
  - serializedVersion: 2
    m_Bits: 4294967291
  Stabilizer: {fileID: 1380334066}
  GazeTransform: {fileID: 0}
--- !u!1 &1396030260
GameObject:
  m_ObjectHideFlags: 0
  m_PrefabParentObject: {fileID: 0}
  m_PrefabInternal: {fileID: 0}
  serializedVersion: 5
  m_Component:
  - component: {fileID: 1396030262}
  - component: {fileID: 1396030261}
  m_Layer: 0
  m_Name: Directional light (1)
  m_TagString: Untagged
  m_Icon: {fileID: 0}
  m_NavMeshLayer: 0
  m_StaticEditorFlags: 0
  m_IsActive: 1
--- !u!108 &1396030261
Light:
  m_ObjectHideFlags: 0
  m_PrefabParentObject: {fileID: 0}
  m_PrefabInternal: {fileID: 0}
  m_GameObject: {fileID: 1396030260}
  m_Enabled: 1
  serializedVersion: 7
  m_Type: 1
  m_Color: {r: 1, g: 1, b: 1, a: 1}
  m_Intensity: 1
  m_Range: 10
  m_SpotAngle: 30
  m_CookieSize: 10
  m_Shadows:
    m_Type: 0
    m_Resolution: -1
    m_CustomResolution: -1
    m_Strength: 1
    m_Bias: 0.05
    m_NormalBias: 0.4
    m_NearPlane: 0.2
  m_Cookie: {fileID: 0}
  m_DrawHalo: 0
  m_Flare: {fileID: 0}
  m_RenderMode: 0
  m_CullingMask:
    serializedVersion: 2
    m_Bits: 4294967295
  m_Lightmapping: 4
  m_AreaSize: {x: 1, y: 1}
  m_BounceIntensity: 1
  m_ShadowRadius: 0
  m_ShadowAngle: 0
--- !u!4 &1396030262
Transform:
  m_ObjectHideFlags: 0
  m_PrefabParentObject: {fileID: 0}
  m_PrefabInternal: {fileID: 0}
  m_GameObject: {fileID: 1396030260}
  m_LocalRotation: {x: 0.18738683, y: -0.8123476, z: 0.37880352, w: 0.4018526}
  m_LocalPosition: {x: 2.5, y: 1.04, z: 3.51}
  m_LocalScale: {x: 1, y: 1, z: 1}
  m_Children: []
  m_Father: {fileID: 64170257}
  m_RootOrder: 1
  m_LocalEulerAnglesHint: {x: 49.994003, y: -127.62201, z: 0}
--- !u!1 &1436932046
GameObject:
  m_ObjectHideFlags: 0
  m_PrefabParentObject: {fileID: 0}
  m_PrefabInternal: {fileID: 0}
  serializedVersion: 5
  m_Component:
  - component: {fileID: 1436932048}
  - component: {fileID: 1436932047}
  m_Layer: 0
  m_Name: Directional light
  m_TagString: Untagged
  m_Icon: {fileID: 0}
  m_NavMeshLayer: 0
  m_StaticEditorFlags: 0
  m_IsActive: 1
--- !u!108 &1436932047
Light:
  m_ObjectHideFlags: 0
  m_PrefabParentObject: {fileID: 0}
  m_PrefabInternal: {fileID: 0}
  m_GameObject: {fileID: 1436932046}
  m_Enabled: 1
  serializedVersion: 7
  m_Type: 1
  m_Color: {r: 1, g: 1, b: 1, a: 1}
  m_Intensity: 1
  m_Range: 10
  m_SpotAngle: 30
  m_CookieSize: 10
  m_Shadows:
    m_Type: 0
    m_Resolution: -1
    m_CustomResolution: -1
    m_Strength: 1
    m_Bias: 0.05
    m_NormalBias: 0.4
    m_NearPlane: 0.2
  m_Cookie: {fileID: 0}
  m_DrawHalo: 0
  m_Flare: {fileID: 0}
  m_RenderMode: 0
  m_CullingMask:
    serializedVersion: 2
    m_Bits: 4294967295
  m_Lightmapping: 4
  m_AreaSize: {x: 1, y: 1}
  m_BounceIntensity: 1
  m_ShadowRadius: 0
  m_ShadowAngle: 0
--- !u!4 &1436932048
Transform:
  m_ObjectHideFlags: 0
  m_PrefabParentObject: {fileID: 0}
  m_PrefabInternal: {fileID: 0}
  m_GameObject: {fileID: 1436932046}
  m_LocalRotation: {x: 0.40821788, y: -0.23456968, z: 0.10938163, w: 0.8754261}
  m_LocalPosition: {x: 0, y: 1.61, z: 0}
  m_LocalScale: {x: 1, y: 1, z: 1}
  m_Children: []
  m_Father: {fileID: 64170257}
  m_RootOrder: 0
  m_LocalEulerAnglesHint: {x: 50, y: -30, z: 0}
--- !u!1 &1473639081
GameObject:
  m_ObjectHideFlags: 0
  m_PrefabParentObject: {fileID: 1000012373135252, guid: d379ed0a5618c9f479f58bd83a2d0ad3,
    type: 2}
  m_PrefabInternal: {fileID: 991584630}
  serializedVersion: 5
  m_Component:
  - component: {fileID: 1473639082}
  - component: {fileID: 1473639083}
  m_Layer: 0
  m_Name: KeyboardXYRotationAxis
  m_TagString: Untagged
  m_Icon: {fileID: 0}
  m_NavMeshLayer: 0
  m_StaticEditorFlags: 0
  m_IsActive: 1
--- !u!4 &1473639082
Transform:
  m_ObjectHideFlags: 0
  m_PrefabParentObject: {fileID: 4000011800569768, guid: d379ed0a5618c9f479f58bd83a2d0ad3,
    type: 2}
  m_PrefabInternal: {fileID: 991584630}
  m_GameObject: {fileID: 1473639081}
  m_LocalRotation: {x: -0, y: -0, z: -0, w: 1}
  m_LocalPosition: {x: 0, y: 0, z: 0}
  m_LocalScale: {x: 1, y: 1, z: 1}
  m_Children: []
  m_Father: {fileID: 2060887550}
  m_RootOrder: 3
  m_LocalEulerAnglesHint: {x: 0, y: 0, z: 0}
--- !u!114 &1473639083
MonoBehaviour:
  m_ObjectHideFlags: 0
  m_PrefabParentObject: {fileID: 114000012889557236, guid: d379ed0a5618c9f479f58bd83a2d0ad3,
    type: 2}
  m_PrefabInternal: {fileID: 991584630}
  m_GameObject: {fileID: 1473639081}
  m_Enabled: 1
  m_EditorHideFlags: 0
  m_Script: {fileID: 11500000, guid: d1b627838df61e64baecc87fee2dec17, type: 3}
  m_Name: 
  m_EditorClassIdentifier: 
  SensitivityScale: 1
  UseUnscaledTime: 1
  axisType: 6
  buttonType: 21
  InputManagerHorizontalAxisName: 
  InputManagerVerticalAxisName: 
  Axis0Destination: 2
  Axis1Destination: 1
  Axis2Destination: 6
--- !u!1 &1510556867
GameObject:
  m_ObjectHideFlags: 0
  m_PrefabParentObject: {fileID: 1000012022330152, guid: 3eddd1c29199313478dd3f912bfab2ab,
    type: 2}
  m_PrefabInternal: {fileID: 963561480}
  serializedVersion: 5
  m_Component:
  - component: {fileID: 1510556868}
  - component: {fileID: 1510556870}
  - component: {fileID: 1510556869}
  m_Layer: 0
  m_Name: EditorHandsInput
  m_TagString: Untagged
  m_Icon: {fileID: 0}
  m_NavMeshLayer: 0
  m_StaticEditorFlags: 0
  m_IsActive: 1
--- !u!4 &1510556868
Transform:
  m_ObjectHideFlags: 0
  m_PrefabParentObject: {fileID: 4000013985985722, guid: 3eddd1c29199313478dd3f912bfab2ab,
    type: 2}
  m_PrefabInternal: {fileID: 963561480}
  m_GameObject: {fileID: 1510556867}
  m_LocalRotation: {x: 0, y: 0, z: 0, w: 1}
  m_LocalPosition: {x: 0, y: 0, z: 0}
  m_LocalScale: {x: 1, y: 1, z: 1}
  m_Children:
  - {fileID: 296629380}
  m_Father: {fileID: 963561481}
  m_RootOrder: 1
  m_LocalEulerAnglesHint: {x: 0, y: 0, z: 0}
--- !u!114 &1510556869
MonoBehaviour:
  m_ObjectHideFlags: 0
  m_PrefabParentObject: {fileID: 114000011693831752, guid: 3eddd1c29199313478dd3f912bfab2ab,
    type: 2}
  m_PrefabInternal: {fileID: 963561480}
  m_GameObject: {fileID: 1510556867}
  m_Enabled: 1
  m_EditorHideFlags: 0
  m_Script: {fileID: 11500000, guid: f5d9d16de978748488d7a8e0daf6e5cf, type: 3}
  m_Name: 
  m_EditorClassIdentifier: 
  HandReturnFactor: 0.25
  HandTimeBeforeReturn: 0.25
  MinimumTrackedMovement: 0.001
  UseUnscaledTime: 1
  LeftHandPrimaryAxisControl: {fileID: 980436373}
  LeftHandSecondaryAxisControl: {fileID: 903861885}
  LeftFingerUpButtonControl: {fileID: 1747364177}
  LeftFingerDownButtonControl: {fileID: 2118195978}
  RightHandPrimaryAxisControl: {fileID: 148100165}
  RightHandSecondaryAxisControl: {fileID: 1692214222}
  RightFingerUpButtonControl: {fileID: 2115630726}
  RightFingerDownButtonControl: {fileID: 2126944664}
  ActiveHandColor: {r: 0.3254902, g: 0.3764706, b: 0.92941177, a: 1}
  DroppedHandColor: {r: 0.342, g: 0.342, b: 0.342, a: 0.241}
  VisualizeHands: 1
  LeftHandVisualizer: {fileID: 1930397158}
  RightHandVisualizer: {fileID: 1063940365}
  HandUpTexture: {fileID: 2800000, guid: 778e02a60d620bb419088e692a3584d3, type: 3}
  HandDownTexture: {fileID: 2800000, guid: d84aac8e3bc8fe344b50dab1e7382ad7, type: 3}
  LeftHandInView: 0
  RightHandInView: 0
--- !u!114 &1510556870
MonoBehaviour:
  m_ObjectHideFlags: 0
  m_PrefabParentObject: {fileID: 114000012391649198, guid: 3eddd1c29199313478dd3f912bfab2ab,
    type: 2}
  m_PrefabInternal: {fileID: 963561480}
  m_GameObject: {fileID: 1510556867}
  m_Enabled: 1
  m_EditorHideFlags: 0
  m_Script: {fileID: 11500000, guid: c527ac8839879014ab405b6cb5ee39e6, type: 3}
  m_Name: 
  m_EditorClassIdentifier: 
--- !u!1 &1533979860
GameObject:
  m_ObjectHideFlags: 0
  m_PrefabParentObject: {fileID: 1000010136702736, guid: d379ed0a5618c9f479f58bd83a2d0ad3,
    type: 2}
  m_PrefabInternal: {fileID: 991584630}
  serializedVersion: 5
  m_Component:
  - component: {fileID: 1533979862}
  - component: {fileID: 1533979861}
  m_Layer: 0
  m_Name: JoystickXZTranslationAxis
  m_TagString: Untagged
  m_Icon: {fileID: 0}
  m_NavMeshLayer: 0
  m_StaticEditorFlags: 0
  m_IsActive: 1
--- !u!114 &1533979861
MonoBehaviour:
  m_ObjectHideFlags: 0
  m_PrefabParentObject: {fileID: 114000011221680894, guid: d379ed0a5618c9f479f58bd83a2d0ad3,
    type: 2}
  m_PrefabInternal: {fileID: 991584630}
  m_GameObject: {fileID: 1533979860}
  m_Enabled: 0
  m_EditorHideFlags: 0
  m_Script: {fileID: 11500000, guid: d1b627838df61e64baecc87fee2dec17, type: 3}
  m_Name: 
  m_EditorClassIdentifier: 
  SensitivityScale: 3
  UseUnscaledTime: 1
  axisType: 0
  buttonType: 21
  InputManagerHorizontalAxisName: RightStickHorizontal
  InputManagerVerticalAxisName: RightStickVertical
  Axis0Destination: 0
  Axis1Destination: 4
  Axis2Destination: 6
--- !u!4 &1533979862
Transform:
  m_ObjectHideFlags: 0
  m_PrefabParentObject: {fileID: 4000010085977160, guid: d379ed0a5618c9f479f58bd83a2d0ad3,
    type: 2}
  m_PrefabInternal: {fileID: 991584630}
  m_GameObject: {fileID: 1533979860}
  m_LocalRotation: {x: -0, y: -0, z: -0, w: 1}
  m_LocalPosition: {x: 0, y: 0, z: 0}
  m_LocalScale: {x: 1, y: 1, z: 1}
  m_Children: []
  m_Father: {fileID: 2060887550}
  m_RootOrder: 9
  m_LocalEulerAnglesHint: {x: 0, y: 0, z: 0}
--- !u!1 &1552192529
GameObject:
  m_ObjectHideFlags: 0
  m_PrefabParentObject: {fileID: 1000011258900396, guid: 90749889d87976143a9e21072d2434b4,
    type: 2}
  m_PrefabInternal: {fileID: 347253923}
  serializedVersion: 5
  m_Component:
  - component: {fileID: 1552192530}
  m_Layer: 2
  m_Name: HandDetectedFeedback
  m_TagString: Untagged
  m_Icon: {fileID: 0}
  m_NavMeshLayer: 0
  m_StaticEditorFlags: 0
  m_IsActive: 1
--- !u!4 &1552192530
Transform:
  m_ObjectHideFlags: 0
  m_PrefabParentObject: {fileID: 4000013324006586, guid: 90749889d87976143a9e21072d2434b4,
    type: 2}
  m_PrefabInternal: {fileID: 347253923}
  m_GameObject: {fileID: 1552192529}
  m_LocalRotation: {x: 0, y: 0, z: 0, w: 1}
  m_LocalPosition: {x: 0, y: 0, z: -0.01}
  m_LocalScale: {x: 1.5, y: 1.5, z: 1}
  m_Children:
  - {fileID: 1231311946}
  - {fileID: 329256811}
  m_Father: {fileID: 580088004}
  m_RootOrder: 0
  m_LocalEulerAnglesHint: {x: 0, y: 0, z: 0}
--- !u!1 &1577103146
GameObject:
  m_ObjectHideFlags: 0
  m_PrefabParentObject: {fileID: 0}
  m_PrefabInternal: {fileID: 0}
  serializedVersion: 5
  m_Component:
  - component: {fileID: 1577103148}
  - component: {fileID: 1577103147}
  m_Layer: 0
  m_Name: Directional light (2)
  m_TagString: Untagged
  m_Icon: {fileID: 0}
  m_NavMeshLayer: 0
  m_StaticEditorFlags: 0
  m_IsActive: 1
--- !u!108 &1577103147
Light:
  m_ObjectHideFlags: 0
  m_PrefabParentObject: {fileID: 0}
  m_PrefabInternal: {fileID: 0}
  m_GameObject: {fileID: 1577103146}
  m_Enabled: 1
  serializedVersion: 7
  m_Type: 1
  m_Color: {r: 1, g: 1, b: 1, a: 1}
  m_Intensity: 1
  m_Range: 10
  m_SpotAngle: 30
  m_CookieSize: 10
  m_Shadows:
    m_Type: 0
    m_Resolution: -1
    m_CustomResolution: -1
    m_Strength: 1
    m_Bias: 0.05
    m_NormalBias: 0.4
    m_NearPlane: 0.2
  m_Cookie: {fileID: 0}
  m_DrawHalo: 0
  m_Flare: {fileID: 0}
  m_RenderMode: 0
  m_CullingMask:
    serializedVersion: 2
    m_Bits: 4294967295
  m_Lightmapping: 4
  m_AreaSize: {x: 1, y: 1}
  m_BounceIntensity: 1
  m_ShadowRadius: 0
  m_ShadowAngle: 0
--- !u!4 &1577103148
Transform:
  m_ObjectHideFlags: 0
  m_PrefabParentObject: {fileID: 0}
  m_PrefabInternal: {fileID: 0}
  m_GameObject: {fileID: 1577103146}
  m_LocalRotation: {x: 0.24794072, y: 0.264503, z: 0.86151516, w: 0.35546482}
  m_LocalPosition: {x: -3.1, y: -0.73, z: 0}
  m_LocalScale: {x: 1, y: 1, z: 1}
  m_Children: []
  m_Father: {fileID: 64170257}
  m_RootOrder: 2
  m_LocalEulerAnglesHint: {x: -16.178001, y: 40.101, z: 129.503}
--- !u!1 &1651363532
GameObject:
  m_ObjectHideFlags: 0
  m_PrefabParentObject: {fileID: 1000010419138632, guid: 3eddd1c29199313478dd3f912bfab2ab,
    type: 2}
  m_PrefabInternal: {fileID: 963561480}
  serializedVersion: 5
  m_Component:
  - component: {fileID: 1651363533}
  - component: {fileID: 1651363534}
  m_Layer: 0
  m_Name: RawInteractionSources
  m_TagString: Untagged
  m_Icon: {fileID: 0}
  m_NavMeshLayer: 0
  m_StaticEditorFlags: 0
  m_IsActive: 1
--- !u!4 &1651363533
Transform:
  m_ObjectHideFlags: 0
  m_PrefabParentObject: {fileID: 4000013175961358, guid: 3eddd1c29199313478dd3f912bfab2ab,
    type: 2}
  m_PrefabInternal: {fileID: 963561480}
  m_GameObject: {fileID: 1651363532}
  m_LocalRotation: {x: 0, y: 0, z: 0, w: 1}
  m_LocalPosition: {x: 0, y: 0, z: 0}
  m_LocalScale: {x: 1, y: 1, z: 1}
  m_Children: []
  m_Father: {fileID: 963561481}
  m_RootOrder: 0
  m_LocalEulerAnglesHint: {x: 0, y: 0, z: 0}
--- !u!114 &1651363534
MonoBehaviour:
  m_ObjectHideFlags: 0
  m_PrefabParentObject: {fileID: 114000010697249598, guid: 3eddd1c29199313478dd3f912bfab2ab,
    type: 2}
  m_PrefabInternal: {fileID: 963561480}
  m_GameObject: {fileID: 1651363532}
  m_Enabled: 1
  m_EditorHideFlags: 0
  m_Script: {fileID: 11500000, guid: 73383145d055bef478097c80c114d2a4, type: 3}
  m_Name: 
  m_EditorClassIdentifier: 
  UseUnscaledTime: 1
--- !u!1 &1692214220
GameObject:
  m_ObjectHideFlags: 0
  m_PrefabParentObject: {fileID: 1000010849031070, guid: 3eddd1c29199313478dd3f912bfab2ab,
    type: 2}
  m_PrefabInternal: {fileID: 963561480}
  serializedVersion: 5
  m_Component:
  - component: {fileID: 1692214221}
  - component: {fileID: 1692214222}
  m_Layer: 0
  m_Name: XZTranslationAxis
  m_TagString: Untagged
  m_Icon: {fileID: 0}
  m_NavMeshLayer: 0
  m_StaticEditorFlags: 0
  m_IsActive: 1
--- !u!4 &1692214221
Transform:
  m_ObjectHideFlags: 0
  m_PrefabParentObject: {fileID: 4000012383807932, guid: 3eddd1c29199313478dd3f912bfab2ab,
    type: 2}
  m_PrefabInternal: {fileID: 963561480}
  m_GameObject: {fileID: 1692214220}
  m_LocalRotation: {x: 0, y: 0, z: 0, w: 1}
  m_LocalPosition: {x: 0, y: 0, z: 0}
  m_LocalScale: {x: 1, y: 1, z: 1}
  m_Children: []
  m_Father: {fileID: 1116989159}
  m_RootOrder: 1
  m_LocalEulerAnglesHint: {x: 0, y: 0, z: 0}
--- !u!114 &1692214222
MonoBehaviour:
  m_ObjectHideFlags: 0
  m_PrefabParentObject: {fileID: 114000013944478910, guid: 3eddd1c29199313478dd3f912bfab2ab,
    type: 2}
  m_PrefabInternal: {fileID: 963561480}
  m_GameObject: {fileID: 1692214220}
  m_Enabled: 1
  m_EditorHideFlags: 0
  m_Script: {fileID: 11500000, guid: d1b627838df61e64baecc87fee2dec17, type: 3}
  m_Name: 
  m_EditorClassIdentifier: 
  SensitivityScale: 0.5
  UseUnscaledTime: 1
  axisType: 12
  buttonType: 6
  InputManagerHorizontalAxisName: 
  InputManagerVerticalAxisName: 
  Axis0Destination: 4
  Axis1Destination: 6
  Axis2Destination: 6
--- !u!1 &1747364175
GameObject:
  m_ObjectHideFlags: 0
  m_PrefabParentObject: {fileID: 1000012017714622, guid: 3eddd1c29199313478dd3f912bfab2ab,
    type: 2}
  m_PrefabInternal: {fileID: 963561480}
  serializedVersion: 5
  m_Component:
  - component: {fileID: 1747364176}
  - component: {fileID: 1747364177}
  m_Layer: 0
  m_Name: FingerUpButton
  m_TagString: Untagged
  m_Icon: {fileID: 0}
  m_NavMeshLayer: 0
  m_StaticEditorFlags: 0
  m_IsActive: 1
--- !u!4 &1747364176
Transform:
  m_ObjectHideFlags: 0
  m_PrefabParentObject: {fileID: 4000010470096086, guid: 3eddd1c29199313478dd3f912bfab2ab,
    type: 2}
  m_PrefabInternal: {fileID: 963561480}
  m_GameObject: {fileID: 1747364175}
  m_LocalRotation: {x: 0, y: 0, z: 0, w: 1}
  m_LocalPosition: {x: 0, y: 0, z: 0}
  m_LocalScale: {x: 1, y: 1, z: 1}
  m_Children: []
  m_Father: {fileID: 1285525647}
  m_RootOrder: 2
  m_LocalEulerAnglesHint: {x: 0, y: 0, z: 0}
--- !u!114 &1747364177
MonoBehaviour:
  m_ObjectHideFlags: 0
  m_PrefabParentObject: {fileID: 114000013661209266, guid: 3eddd1c29199313478dd3f912bfab2ab,
    type: 2}
  m_PrefabInternal: {fileID: 963561480}
  m_GameObject: {fileID: 1747364175}
  m_Enabled: 1
  m_EditorHideFlags: 0
  m_Script: {fileID: 11500000, guid: 1350e83623c005741ad0d1b09834ed62, type: 3}
  m_Name: 
  m_EditorClassIdentifier: 
  buttonType: 12
--- !u!1 &1765698591
GameObject:
  m_ObjectHideFlags: 0
  m_PrefabParentObject: {fileID: 1000012616863954, guid: 3eddd1c29199313478dd3f912bfab2ab,
    type: 2}
  m_PrefabInternal: {fileID: 963561480}
  serializedVersion: 5
  m_Component:
  - component: {fileID: 1765698592}
  - component: {fileID: 1765698593}
  m_Layer: 0
  m_Name: GesturesInput
  m_TagString: Untagged
  m_Icon: {fileID: 0}
  m_NavMeshLayer: 0
  m_StaticEditorFlags: 0
  m_IsActive: 1
--- !u!4 &1765698592
Transform:
  m_ObjectHideFlags: 0
  m_PrefabParentObject: {fileID: 4000010261267946, guid: 3eddd1c29199313478dd3f912bfab2ab,
    type: 2}
  m_PrefabInternal: {fileID: 963561480}
  m_GameObject: {fileID: 1765698591}
  m_LocalRotation: {x: 0, y: 0, z: 0, w: 1}
  m_LocalPosition: {x: 0, y: 0, z: 0}
  m_LocalScale: {x: 1, y: 1, z: 1}
  m_Children: []
  m_Father: {fileID: 963561481}
  m_RootOrder: 2
  m_LocalEulerAnglesHint: {x: 0, y: 0, z: 0}
--- !u!114 &1765698593
MonoBehaviour:
  m_ObjectHideFlags: 0
  m_PrefabParentObject: {fileID: 114000012864906760, guid: 3eddd1c29199313478dd3f912bfab2ab,
    type: 2}
  m_PrefabInternal: {fileID: 963561480}
  m_GameObject: {fileID: 1765698591}
  m_Enabled: 1
  m_EditorHideFlags: 0
  m_Script: {fileID: 11500000, guid: d40781677294a0e4caffa3460012ae41, type: 3}
  m_Name: 
  m_EditorClassIdentifier: 
  UseRailsNavigation: 0
--- !u!1 &1930397158
GameObject:
  m_ObjectHideFlags: 0
  m_PrefabParentObject: {fileID: 1000010559312462, guid: 3eddd1c29199313478dd3f912bfab2ab,
    type: 2}
  m_PrefabInternal: {fileID: 963561480}
  serializedVersion: 5
  m_Component:
  - component: {fileID: 1930397159}
  - component: {fileID: 1930397161}
  - component: {fileID: 1930397160}
  m_Layer: 0
  m_Name: LeftHandMarkerQuad
  m_TagString: Untagged
  m_Icon: {fileID: 0}
  m_NavMeshLayer: 0
  m_StaticEditorFlags: 0
  m_IsActive: 0
--- !u!4 &1930397159
Transform:
  m_ObjectHideFlags: 0
  m_PrefabParentObject: {fileID: 4000010757173486, guid: 3eddd1c29199313478dd3f912bfab2ab,
    type: 2}
  m_PrefabInternal: {fileID: 963561480}
  m_GameObject: {fileID: 1930397158}
  m_LocalRotation: {x: -0, y: -0, z: -0, w: 1}
  m_LocalPosition: {x: -0.05, y: -0.09, z: 0.9}
  m_LocalScale: {x: -0.025, y: 0.025, z: 0.025}
  m_Children: []
  m_Father: {fileID: 1285525647}
  m_RootOrder: 4
  m_LocalEulerAnglesHint: {x: 0, y: 0, z: 0}
--- !u!23 &1930397160
MeshRenderer:
  m_ObjectHideFlags: 0
  m_PrefabParentObject: {fileID: 23000011955365276, guid: 3eddd1c29199313478dd3f912bfab2ab,
    type: 2}
  m_PrefabInternal: {fileID: 963561480}
  m_GameObject: {fileID: 1930397158}
  m_Enabled: 1
  m_CastShadows: 1
  m_ReceiveShadows: 1
  m_MotionVectors: 1
  m_LightProbeUsage: 1
  m_ReflectionProbeUsage: 1
  m_Materials:
  - {fileID: 2100000, guid: e3614b053e3b0bd4b8efece8f50c21ad, type: 2}
  m_StaticBatchInfo:
    firstSubMesh: 0
    subMeshCount: 0
  m_StaticBatchRoot: {fileID: 0}
  m_ProbeAnchor: {fileID: 0}
  m_LightProbeVolumeOverride: {fileID: 0}
  m_ScaleInLightmap: 1
  m_PreserveUVs: 1
  m_IgnoreNormalsForChartDetection: 0
  m_ImportantGI: 0
  m_SelectedEditorRenderState: 3
  m_MinimumChartSize: 4
  m_AutoUVMaxDistance: 0.5
  m_AutoUVMaxAngle: 89
  m_LightmapParameters: {fileID: 0}
  m_SortingLayerID: 0
  m_SortingOrder: 0
--- !u!33 &1930397161
MeshFilter:
  m_ObjectHideFlags: 0
  m_PrefabParentObject: {fileID: 33000013920336656, guid: 3eddd1c29199313478dd3f912bfab2ab,
    type: 2}
  m_PrefabInternal: {fileID: 963561480}
  m_GameObject: {fileID: 1930397158}
  m_Mesh: {fileID: 10210, guid: 0000000000000000e000000000000000, type: 0}
--- !u!1 &1987003401
GameObject:
  m_ObjectHideFlags: 0
  m_PrefabParentObject: {fileID: 1000011947540078, guid: d379ed0a5618c9f479f58bd83a2d0ad3,
    type: 2}
  m_PrefabInternal: {fileID: 991584630}
  serializedVersion: 5
  m_Component:
  - component: {fileID: 1987003402}
  - component: {fileID: 1987003403}
  m_Layer: 0
  m_Name: MouseXZTranslationAxis
  m_TagString: Untagged
  m_Icon: {fileID: 0}
  m_NavMeshLayer: 0
  m_StaticEditorFlags: 0
  m_IsActive: 1
--- !u!4 &1987003402
Transform:
  m_ObjectHideFlags: 0
  m_PrefabParentObject: {fileID: 4000012378391282, guid: d379ed0a5618c9f479f58bd83a2d0ad3,
    type: 2}
  m_PrefabInternal: {fileID: 991584630}
  m_GameObject: {fileID: 1987003401}
  m_LocalRotation: {x: 0, y: 0, z: 0, w: 1}
  m_LocalPosition: {x: 0, y: 0, z: 0}
  m_LocalScale: {x: 1, y: 1, z: 1}
  m_Children: []
  m_Father: {fileID: 2060887550}
  m_RootOrder: 2
  m_LocalEulerAnglesHint: {x: 0, y: 0, z: 0}
--- !u!114 &1987003403
MonoBehaviour:
  m_ObjectHideFlags: 0
  m_PrefabParentObject: {fileID: 114000013988799740, guid: d379ed0a5618c9f479f58bd83a2d0ad3,
    type: 2}
  m_PrefabInternal: {fileID: 991584630}
  m_GameObject: {fileID: 1987003401}
  m_Enabled: 1
  m_EditorHideFlags: 0
  m_Script: {fileID: 11500000, guid: d1b627838df61e64baecc87fee2dec17, type: 3}
  m_Name: 
  m_EditorClassIdentifier: 
  SensitivityScale: 3
  UseUnscaledTime: 1
  axisType: 12
  buttonType: 3
  InputManagerHorizontalAxisName: 
  InputManagerVerticalAxisName: 
  Axis0Destination: 4
  Axis1Destination: 6
  Axis2Destination: 6
--- !u!1 &2060887549
GameObject:
  m_ObjectHideFlags: 0
  m_PrefabParentObject: {fileID: 1000011489060388, guid: d379ed0a5618c9f479f58bd83a2d0ad3,
    type: 2}
  m_PrefabInternal: {fileID: 991584630}
  serializedVersion: 5
  m_Component:
  - component: {fileID: 2060887550}
  m_Layer: 0
  m_Name: GazeControls
  m_TagString: Untagged
  m_Icon: {fileID: 0}
  m_NavMeshLayer: 0
  m_StaticEditorFlags: 0
  m_IsActive: 1
--- !u!4 &2060887550
Transform:
  m_ObjectHideFlags: 0
  m_PrefabParentObject: {fileID: 4000010510211078, guid: d379ed0a5618c9f479f58bd83a2d0ad3,
    type: 2}
  m_PrefabInternal: {fileID: 991584630}
  m_GameObject: {fileID: 2060887549}
  m_LocalRotation: {x: 0, y: 0, z: 0, w: 1}
  m_LocalPosition: {x: 0, y: 0, z: 0}
  m_LocalScale: {x: 1, y: 1, z: 1}
  m_Children:
  - {fileID: 40783780}
  - {fileID: 1240232347}
  - {fileID: 1987003402}
  - {fileID: 1473639082}
  - {fileID: 1044299499}
  - {fileID: 155635546}
  - {fileID: 669044606}
  - {fileID: 210547166}
  - {fileID: 590516149}
  - {fileID: 1533979862}
  m_Father: {fileID: 818110623}
  m_RootOrder: 0
  m_LocalEulerAnglesHint: {x: 0, y: 0, z: 0}
--- !u!1 &2115630724
GameObject:
  m_ObjectHideFlags: 0
  m_PrefabParentObject: {fileID: 1000012685836518, guid: 3eddd1c29199313478dd3f912bfab2ab,
    type: 2}
  m_PrefabInternal: {fileID: 963561480}
  serializedVersion: 5
  m_Component:
  - component: {fileID: 2115630725}
  - component: {fileID: 2115630726}
  m_Layer: 0
  m_Name: FingerUpButton
  m_TagString: Untagged
  m_Icon: {fileID: 0}
  m_NavMeshLayer: 0
  m_StaticEditorFlags: 0
  m_IsActive: 1
--- !u!4 &2115630725
Transform:
  m_ObjectHideFlags: 0
  m_PrefabParentObject: {fileID: 4000014269641458, guid: 3eddd1c29199313478dd3f912bfab2ab,
    type: 2}
  m_PrefabInternal: {fileID: 963561480}
  m_GameObject: {fileID: 2115630724}
  m_LocalRotation: {x: 0, y: 0, z: 0, w: 1}
  m_LocalPosition: {x: 0, y: 0, z: 0}
  m_LocalScale: {x: 1, y: 1, z: 1}
  m_Children: []
  m_Father: {fileID: 1116989159}
  m_RootOrder: 2
  m_LocalEulerAnglesHint: {x: 0, y: 0, z: 0}
--- !u!114 &2115630726
MonoBehaviour:
  m_ObjectHideFlags: 0
  m_PrefabParentObject: {fileID: 114000011211768160, guid: 3eddd1c29199313478dd3f912bfab2ab,
    type: 2}
  m_PrefabInternal: {fileID: 963561480}
  m_GameObject: {fileID: 2115630724}
  m_Enabled: 1
  m_EditorHideFlags: 0
  m_Script: {fileID: 11500000, guid: 1350e83623c005741ad0d1b09834ed62, type: 3}
  m_Name: 
  m_EditorClassIdentifier: 
  buttonType: 18
--- !u!1 &2118195976
GameObject:
  m_ObjectHideFlags: 0
  m_PrefabParentObject: {fileID: 1000013803292764, guid: 3eddd1c29199313478dd3f912bfab2ab,
    type: 2}
  m_PrefabInternal: {fileID: 963561480}
  serializedVersion: 5
  m_Component:
  - component: {fileID: 2118195977}
  - component: {fileID: 2118195978}
  m_Layer: 0
  m_Name: FingerDownButton
  m_TagString: Untagged
  m_Icon: {fileID: 0}
  m_NavMeshLayer: 0
  m_StaticEditorFlags: 0
  m_IsActive: 1
--- !u!4 &2118195977
Transform:
  m_ObjectHideFlags: 0
  m_PrefabParentObject: {fileID: 4000013940582514, guid: 3eddd1c29199313478dd3f912bfab2ab,
    type: 2}
  m_PrefabInternal: {fileID: 963561480}
  m_GameObject: {fileID: 2118195976}
  m_LocalRotation: {x: 0, y: 0, z: 0, w: 1}
  m_LocalPosition: {x: 0, y: 0, z: 0}
  m_LocalScale: {x: 1, y: 1, z: 1}
  m_Children: []
  m_Father: {fileID: 1285525647}
  m_RootOrder: 3
  m_LocalEulerAnglesHint: {x: 0, y: 0, z: 0}
--- !u!114 &2118195978
MonoBehaviour:
  m_ObjectHideFlags: 0
  m_PrefabParentObject: {fileID: 114000010332641428, guid: 3eddd1c29199313478dd3f912bfab2ab,
    type: 2}
  m_PrefabInternal: {fileID: 963561480}
  m_GameObject: {fileID: 2118195976}
  m_Enabled: 1
  m_EditorHideFlags: 0
  m_Script: {fileID: 11500000, guid: 1350e83623c005741ad0d1b09834ed62, type: 3}
  m_Name: 
  m_EditorClassIdentifier: 
  buttonType: 12
--- !u!1 &2126944662
GameObject:
  m_ObjectHideFlags: 0
  m_PrefabParentObject: {fileID: 1000011611902316, guid: 3eddd1c29199313478dd3f912bfab2ab,
    type: 2}
  m_PrefabInternal: {fileID: 963561480}
  serializedVersion: 5
  m_Component:
  - component: {fileID: 2126944663}
  - component: {fileID: 2126944664}
  m_Layer: 0
  m_Name: FingerDownButton
  m_TagString: Untagged
  m_Icon: {fileID: 0}
  m_NavMeshLayer: 0
  m_StaticEditorFlags: 0
  m_IsActive: 1
--- !u!4 &2126944663
Transform:
  m_ObjectHideFlags: 0
  m_PrefabParentObject: {fileID: 4000012504439998, guid: 3eddd1c29199313478dd3f912bfab2ab,
    type: 2}
  m_PrefabInternal: {fileID: 963561480}
  m_GameObject: {fileID: 2126944662}
  m_LocalRotation: {x: 0, y: 0, z: 0, w: 1}
  m_LocalPosition: {x: 0, y: 0, z: 0}
  m_LocalScale: {x: 1, y: 1, z: 1}
  m_Children: []
  m_Father: {fileID: 1116989159}
  m_RootOrder: 3
  m_LocalEulerAnglesHint: {x: 0, y: 0, z: 0}
--- !u!114 &2126944664
MonoBehaviour:
  m_ObjectHideFlags: 0
  m_PrefabParentObject: {fileID: 114000014256863992, guid: 3eddd1c29199313478dd3f912bfab2ab,
    type: 2}
  m_PrefabInternal: {fileID: 963561480}
  m_GameObject: {fileID: 2126944662}
  m_Enabled: 1
  m_EditorHideFlags: 0
  m_Script: {fileID: 11500000, guid: 1350e83623c005741ad0d1b09834ed62, type: 3}
  m_Name: 
  m_EditorClassIdentifier: 
  buttonType: 18
