%YAML 1.1
%TAG !u! tag:unity3d.com,2011:
--- !u!29 &1
OcclusionCullingSettings:
  m_ObjectHideFlags: 0
  serializedVersion: 2
  m_OcclusionBakeSettings:
    smallestOccluder: 5
    smallestHole: 0.25
    backfaceThreshold: 100
  m_SceneGUID: 00000000000000000000000000000000
  m_OcclusionCullingData: {fileID: 0}
--- !u!104 &2
RenderSettings:
  m_ObjectHideFlags: 0
  serializedVersion: 7
  m_Fog: 0
  m_FogColor: {r: 0.5, g: 0.5, b: 0.5, a: 1}
  m_FogMode: 3
  m_FogDensity: 0.01
  m_LinearFogStart: 0
  m_LinearFogEnd: 300
  m_AmbientSkyColor: {r: 0.212, g: 0.227, b: 0.259, a: 1}
  m_AmbientEquatorColor: {r: 0.114, g: 0.125, b: 0.133, a: 1}
  m_AmbientGroundColor: {r: 0.047, g: 0.043, b: 0.035, a: 1}
  m_AmbientIntensity: 1
  m_AmbientMode: 0
  m_SkyboxMaterial: {fileID: 10304, guid: 0000000000000000f000000000000000, type: 0}
  m_HaloStrength: 0.5
  m_FlareStrength: 1
  m_FlareFadeSpeed: 3
  m_HaloTexture: {fileID: 0}
  m_SpotCookie: {fileID: 10001, guid: 0000000000000000e000000000000000, type: 0}
  m_DefaultReflectionMode: 0
  m_DefaultReflectionResolution: 128
  m_ReflectionBounces: 1
  m_ReflectionIntensity: 1
  m_CustomReflection: {fileID: 0}
  m_Sun: {fileID: 0}
  m_IndirectSpecularColor: {r: 0, g: 0, b: 0, a: 1}
--- !u!157 &3
LightmapSettings:
  m_ObjectHideFlags: 0
  serializedVersion: 7
  m_GIWorkflowMode: 0
  m_GISettings:
    serializedVersion: 2
    m_BounceScale: 1
    m_IndirectOutputScale: 1
    m_AlbedoBoost: 1
    m_TemporalCoherenceThreshold: 1
    m_EnvironmentLightingMode: 0
    m_EnableBakedLightmaps: 1
    m_EnableRealtimeLightmaps: 1
  m_LightmapEditorSettings:
    serializedVersion: 4
    m_Resolution: 2
    m_BakeResolution: 40
    m_TextureWidth: 1024
    m_TextureHeight: 1024
    m_AO: 0
    m_AOMaxDistance: 1
    m_CompAOExponent: 1
    m_CompAOExponentDirect: 0
    m_Padding: 2
    m_LightmapParameters: {fileID: 0}
    m_LightmapsBakeMode: 1
    m_TextureCompression: 1
    m_DirectLightInLightProbes: 1
    m_FinalGather: 0
    m_FinalGatherFiltering: 1
    m_FinalGatherRayCount: 256
    m_ReflectionCompression: 2
  m_LightingDataAsset: {fileID: 0}
  m_RuntimeCPUUsage: 25
--- !u!196 &4
NavMeshSettings:
  serializedVersion: 2
  m_ObjectHideFlags: 0
  m_BuildSettings:
    serializedVersion: 2
    agentTypeID: 0
    agentRadius: 0.5
    agentHeight: 2
    agentSlope: 45
    agentClimb: 0.4
    ledgeDropHeight: 0
    maxJumpAcrossDistance: 0
    minRegionArea: 2
    manualCellSize: 0
    cellSize: 0.16666667
    accuratePlacement: 0
  m_NavMeshData: {fileID: 0}
--- !u!1 &156334589
GameObject:
  m_ObjectHideFlags: 0
  m_PrefabParentObject: {fileID: 1000011021619270, guid: d379ed0a5618c9f479f58bd83a2d0ad3,
    type: 2}
  m_PrefabInternal: {fileID: 1343547943}
  serializedVersion: 5
  m_Component:
  - component: {fileID: 156334595}
  - component: {fileID: 156334594}
  - component: {fileID: 156334593}
  - component: {fileID: 156334592}
  - component: {fileID: 156334591}
  - component: {fileID: 156334590}
  m_Layer: 0
  m_Name: HoloLensCamera
  m_TagString: MainCamera
  m_Icon: {fileID: 0}
  m_NavMeshLayer: 0
  m_StaticEditorFlags: 0
  m_IsActive: 1
--- !u!114 &156334590
MonoBehaviour:
  m_ObjectHideFlags: 0
  m_PrefabParentObject: {fileID: 114000013543835744, guid: d379ed0a5618c9f479f58bd83a2d0ad3,
    type: 2}
  m_PrefabInternal: {fileID: 1343547943}
  m_GameObject: {fileID: 156334589}
  m_Enabled: 1
  m_EditorHideFlags: 0
  m_Script: {fileID: 11500000, guid: 9cf6ab24363b7a74da25766ea8ba6809, type: 3}
  m_Name: 
  m_EditorClassIdentifier: 
  MouseSupported: 1
  MouseXYRotationAxisControl: {fileID: 1916887893}
  MouseXYTranslationAxisControl: {fileID: 224127067}
  MouseXZTranslationAxisControl: {fileID: 1161377749}
  KeyboardSupported: 1
  KeyboardXYRotationAxisControl: {fileID: 2090153738}
  KeyboardXZRotationAxisControl: {fileID: 656089040}
  KeyboardXYTranslationAxisControl: {fileID: 1270902082}
  KeyboardXZTranslationAxisControl: {fileID: 620991173}
  JoystickSupported: 0
  JoystickXYRotationAxisControl: {fileID: 664770910}
  JoystickXYTranslationAxisControl: {fileID: 2085751980}
  JoystickXZTranslationAxisControl: {fileID: 1037729526}
--- !u!81 &156334591
AudioListener:
  m_ObjectHideFlags: 0
  m_PrefabParentObject: {fileID: 81000013783107718, guid: d379ed0a5618c9f479f58bd83a2d0ad3,
    type: 2}
  m_PrefabInternal: {fileID: 1343547943}
  m_GameObject: {fileID: 156334589}
  m_Enabled: 1
--- !u!124 &156334592
Behaviour:
  m_ObjectHideFlags: 0
  m_PrefabParentObject: {fileID: 124000011504821460, guid: d379ed0a5618c9f479f58bd83a2d0ad3,
    type: 2}
  m_PrefabInternal: {fileID: 1343547943}
  m_GameObject: {fileID: 156334589}
  m_Enabled: 1
--- !u!92 &156334593
Behaviour:
  m_ObjectHideFlags: 0
  m_PrefabParentObject: {fileID: 92000010221946138, guid: d379ed0a5618c9f479f58bd83a2d0ad3,
    type: 2}
  m_PrefabInternal: {fileID: 1343547943}
  m_GameObject: {fileID: 156334589}
  m_Enabled: 1
--- !u!20 &156334594
Camera:
  m_ObjectHideFlags: 0
  m_PrefabParentObject: {fileID: 20000013304850028, guid: d379ed0a5618c9f479f58bd83a2d0ad3,
    type: 2}
  m_PrefabInternal: {fileID: 1343547943}
  m_GameObject: {fileID: 156334589}
  m_Enabled: 1
  serializedVersion: 2
  m_ClearFlags: 2
  m_BackGroundColor: {r: 0, g: 0, b: 0, a: 0}
  m_NormalizedViewPortRect:
    serializedVersion: 2
    x: 0
    y: 0
    width: 1
    height: 1
  near clip plane: 0.85
  far clip plane: 1000
  field of view: 16
  orthographic: 0
  orthographic size: 5
  m_Depth: -1
  m_CullingMask:
    serializedVersion: 2
    m_Bits: 4294967295
  m_RenderingPath: -1
  m_TargetTexture: {fileID: 0}
  m_TargetDisplay: 0
  m_TargetEye: 3
  m_HDR: 0
  m_OcclusionCulling: 1
  m_StereoConvergence: 10
  m_StereoSeparation: 0.022
  m_StereoMirrorMode: 0
--- !u!4 &156334595
Transform:
  m_ObjectHideFlags: 0
  m_PrefabParentObject: {fileID: 4000010560871102, guid: d379ed0a5618c9f479f58bd83a2d0ad3,
    type: 2}
  m_PrefabInternal: {fileID: 1343547943}
  m_GameObject: {fileID: 156334589}
  m_LocalRotation: {x: 0, y: 0, z: 0, w: 1}
  m_LocalPosition: {x: 0, y: 0, z: 0}
  m_LocalScale: {x: 1, y: 1, z: 1}
  m_Children:
  - {fileID: 658057061}
  m_Father: {fileID: 0}
  m_RootOrder: 2
  m_LocalEulerAnglesHint: {x: 0, y: 0, z: 0}
--- !u!1 &224127065
GameObject:
  m_ObjectHideFlags: 0
  m_PrefabParentObject: {fileID: 1000012744789930, guid: d379ed0a5618c9f479f58bd83a2d0ad3,
    type: 2}
  m_PrefabInternal: {fileID: 1343547943}
  serializedVersion: 5
  m_Component:
  - component: {fileID: 224127066}
  - component: {fileID: 224127067}
  m_Layer: 0
  m_Name: MouseXYTranslationAxis
  m_TagString: Untagged
  m_Icon: {fileID: 0}
  m_NavMeshLayer: 0
  m_StaticEditorFlags: 0
  m_IsActive: 1
--- !u!4 &224127066
Transform:
  m_ObjectHideFlags: 0
  m_PrefabParentObject: {fileID: 4000010393938340, guid: d379ed0a5618c9f479f58bd83a2d0ad3,
    type: 2}
  m_PrefabInternal: {fileID: 1343547943}
  m_GameObject: {fileID: 224127065}
  m_LocalRotation: {x: -0, y: -0, z: -0, w: 1}
  m_LocalPosition: {x: 0, y: 0, z: 0}
  m_LocalScale: {x: 1, y: 1, z: 1}
  m_Children: []
  m_Father: {fileID: 658057061}
  m_RootOrder: 1
  m_LocalEulerAnglesHint: {x: 0, y: 0, z: 0}
--- !u!114 &224127067
MonoBehaviour:
  m_ObjectHideFlags: 0
  m_PrefabParentObject: {fileID: 114000011359953050, guid: d379ed0a5618c9f479f58bd83a2d0ad3,
    type: 2}
  m_PrefabInternal: {fileID: 1343547943}
  m_GameObject: {fileID: 224127065}
  m_Enabled: 1
  m_EditorHideFlags: 0
  m_Script: {fileID: 11500000, guid: d1b627838df61e64baecc87fee2dec17, type: 3}
  m_Name: 
  m_EditorClassIdentifier: 
  SensitivityScale: 1
  UseUnscaledTime: 1
  axisType: 13
  buttonType: 21
  InputManagerHorizontalAxisName: 
  InputManagerVerticalAxisName: 
  Axis0Destination: 0
  Axis1Destination: 2
  Axis2Destination: 6
--- !u!1 &620991171
GameObject:
  m_ObjectHideFlags: 0
  m_PrefabParentObject: {fileID: 1000010956895450, guid: d379ed0a5618c9f479f58bd83a2d0ad3,
    type: 2}
  m_PrefabInternal: {fileID: 1343547943}
  serializedVersion: 5
  m_Component:
  - component: {fileID: 620991172}
  - component: {fileID: 620991173}
  m_Layer: 0
  m_Name: KeyboardXZTranslationAxis
  m_TagString: Untagged
  m_Icon: {fileID: 0}
  m_NavMeshLayer: 0
  m_StaticEditorFlags: 0
  m_IsActive: 1
--- !u!4 &620991172
Transform:
  m_ObjectHideFlags: 0
  m_PrefabParentObject: {fileID: 4000011708201582, guid: d379ed0a5618c9f479f58bd83a2d0ad3,
    type: 2}
  m_PrefabInternal: {fileID: 1343547943}
  m_GameObject: {fileID: 620991171}
  m_LocalRotation: {x: -0, y: -0, z: -0, w: 1}
  m_LocalPosition: {x: 0, y: 0, z: 0}
  m_LocalScale: {x: 1, y: 1, z: 1}
  m_Children: []
  m_Father: {fileID: 658057061}
  m_RootOrder: 6
  m_LocalEulerAnglesHint: {x: 0, y: 0, z: 0}
--- !u!114 &620991173
MonoBehaviour:
  m_ObjectHideFlags: 0
  m_PrefabParentObject: {fileID: 114000012656745502, guid: d379ed0a5618c9f479f58bd83a2d0ad3,
    type: 2}
  m_PrefabInternal: {fileID: 1343547943}
  m_GameObject: {fileID: 620991171}
  m_Enabled: 1
  m_EditorHideFlags: 0
  m_Script: {fileID: 11500000, guid: d1b627838df61e64baecc87fee2dec17, type: 3}
  m_Name: 
  m_EditorClassIdentifier: 
  SensitivityScale: 3
  UseUnscaledTime: 1
  axisType: 0
  buttonType: 21
  InputManagerHorizontalAxisName: Horizontal
  InputManagerVerticalAxisName: Vertical
  Axis0Destination: 0
  Axis1Destination: 4
  Axis2Destination: 6
--- !u!1 &656089038
GameObject:
  m_ObjectHideFlags: 0
  m_PrefabParentObject: {fileID: 1000013425959562, guid: d379ed0a5618c9f479f58bd83a2d0ad3,
    type: 2}
  m_PrefabInternal: {fileID: 1343547943}
  serializedVersion: 5
  m_Component:
  - component: {fileID: 656089039}
  - component: {fileID: 656089040}
  m_Layer: 0
  m_Name: KeyboardXZRotationAxis
  m_TagString: Untagged
  m_Icon: {fileID: 0}
  m_NavMeshLayer: 0
  m_StaticEditorFlags: 0
  m_IsActive: 1
--- !u!4 &656089039
Transform:
  m_ObjectHideFlags: 0
  m_PrefabParentObject: {fileID: 4000012536474926, guid: d379ed0a5618c9f479f58bd83a2d0ad3,
    type: 2}
  m_PrefabInternal: {fileID: 1343547943}
  m_GameObject: {fileID: 656089038}
  m_LocalRotation: {x: -0, y: -0, z: -0, w: 1}
  m_LocalPosition: {x: 0, y: 0, z: 0}
  m_LocalScale: {x: 1, y: 1, z: 1}
  m_Children: []
  m_Father: {fileID: 658057061}
  m_RootOrder: 4
  m_LocalEulerAnglesHint: {x: 0, y: 0, z: 0}
--- !u!114 &656089040
MonoBehaviour:
  m_ObjectHideFlags: 0
  m_PrefabParentObject: {fileID: 114000014171224568, guid: d379ed0a5618c9f479f58bd83a2d0ad3,
    type: 2}
  m_PrefabInternal: {fileID: 1343547943}
  m_GameObject: {fileID: 656089038}
  m_Enabled: 1
  m_EditorHideFlags: 0
  m_Script: {fileID: 11500000, guid: d1b627838df61e64baecc87fee2dec17, type: 3}
  m_Name: 
  m_EditorClassIdentifier: 
  SensitivityScale: 1
  UseUnscaledTime: 1
  axisType: 7
  buttonType: 21
  InputManagerHorizontalAxisName: 
  InputManagerVerticalAxisName: 
  Axis0Destination: 5
  Axis1Destination: 4
  Axis2Destination: 6
--- !u!1 &658057060
GameObject:
  m_ObjectHideFlags: 0
  m_PrefabParentObject: {fileID: 1000011489060388, guid: d379ed0a5618c9f479f58bd83a2d0ad3,
    type: 2}
  m_PrefabInternal: {fileID: 1343547943}
  serializedVersion: 5
  m_Component:
  - component: {fileID: 658057061}
  m_Layer: 0
  m_Name: GazeControls
  m_TagString: Untagged
  m_Icon: {fileID: 0}
  m_NavMeshLayer: 0
  m_StaticEditorFlags: 0
  m_IsActive: 1
--- !u!4 &658057061
Transform:
  m_ObjectHideFlags: 0
  m_PrefabParentObject: {fileID: 4000010510211078, guid: d379ed0a5618c9f479f58bd83a2d0ad3,
    type: 2}
  m_PrefabInternal: {fileID: 1343547943}
  m_GameObject: {fileID: 658057060}
  m_LocalRotation: {x: 0, y: 0, z: 0, w: 1}
  m_LocalPosition: {x: 0, y: 0, z: 0}
  m_LocalScale: {x: 1, y: 1, z: 1}
  m_Children:
  - {fileID: 1916887892}
  - {fileID: 224127066}
  - {fileID: 1161377748}
  - {fileID: 2090153737}
  - {fileID: 656089039}
  - {fileID: 1270902081}
  - {fileID: 620991172}
  - {fileID: 664770909}
  - {fileID: 2085751979}
  - {fileID: 1037729527}
  m_Father: {fileID: 156334595}
  m_RootOrder: 0
  m_LocalEulerAnglesHint: {x: 0, y: 0, z: 0}
--- !u!1 &664770908
GameObject:
  m_ObjectHideFlags: 0
  m_PrefabParentObject: {fileID: 1000014073514604, guid: d379ed0a5618c9f479f58bd83a2d0ad3,
    type: 2}
  m_PrefabInternal: {fileID: 1343547943}
  serializedVersion: 5
  m_Component:
  - component: {fileID: 664770909}
  - component: {fileID: 664770910}
  m_Layer: 0
  m_Name: JoystickXYRotationAxis
  m_TagString: Untagged
  m_Icon: {fileID: 0}
  m_NavMeshLayer: 0
  m_StaticEditorFlags: 0
  m_IsActive: 1
--- !u!4 &664770909
Transform:
  m_ObjectHideFlags: 0
  m_PrefabParentObject: {fileID: 4000012610367806, guid: d379ed0a5618c9f479f58bd83a2d0ad3,
    type: 2}
  m_PrefabInternal: {fileID: 1343547943}
  m_GameObject: {fileID: 664770908}
  m_LocalRotation: {x: -0, y: -0, z: -0, w: 1}
  m_LocalPosition: {x: 0, y: 0, z: 0}
  m_LocalScale: {x: 1, y: 1, z: 1}
  m_Children: []
  m_Father: {fileID: 658057061}
  m_RootOrder: 7
  m_LocalEulerAnglesHint: {x: 0, y: 0, z: 0}
--- !u!114 &664770910
MonoBehaviour:
  m_ObjectHideFlags: 0
  m_PrefabParentObject: {fileID: 114000013649663976, guid: d379ed0a5618c9f479f58bd83a2d0ad3,
    type: 2}
  m_PrefabInternal: {fileID: 1343547943}
  m_GameObject: {fileID: 664770908}
  m_Enabled: 0
  m_EditorHideFlags: 0
  m_Script: {fileID: 11500000, guid: d1b627838df61e64baecc87fee2dec17, type: 3}
  m_Name: 
  m_EditorClassIdentifier: 
  SensitivityScale: 3
  UseUnscaledTime: 1
  axisType: 0
  buttonType: 21
  InputManagerHorizontalAxisName: LeftStickHorizontal
  InputManagerVerticalAxisName: LeftStickVertical
  Axis0Destination: 2
  Axis1Destination: 0
  Axis2Destination: 6
--- !u!1 &733092863
GameObject:
  m_ObjectHideFlags: 0
  m_PrefabParentObject: {fileID: 1000010302963436, guid: 2ed75ffdf9031c94e8bce4b3d17b9928,
    type: 2}
  m_PrefabInternal: {fileID: 1243038804}
  serializedVersion: 5
  m_Component:
  - component: {fileID: 733092867}
  - component: {fileID: 733092866}
  - component: {fileID: 733092865}
  - component: {fileID: 733092864}
  m_Layer: 0
  m_Name: SpatialMapping
  m_TagString: Untagged
  m_Icon: {fileID: 0}
  m_NavMeshLayer: 0
  m_StaticEditorFlags: 0
  m_IsActive: 1
--- !u!114 &733092864
MonoBehaviour:
  m_ObjectHideFlags: 0
  m_PrefabParentObject: {fileID: 114000012149591842, guid: 2ed75ffdf9031c94e8bce4b3d17b9928,
    type: 2}
  m_PrefabInternal: {fileID: 1243038804}
  m_GameObject: {fileID: 733092863}
  m_Enabled: 1
  m_EditorHideFlags: 0
  m_Script: {fileID: 11500000, guid: 13d883c0118351e4890753200e0ac916, type: 3}
  m_Name: 
  m_EditorClassIdentifier: 
  RoomModel: {fileID: 0}
--- !u!114 &733092865
MonoBehaviour:
  m_ObjectHideFlags: 0
  m_PrefabParentObject: {fileID: 114000011154029958, guid: 2ed75ffdf9031c94e8bce4b3d17b9928,
    type: 2}
  m_PrefabInternal: {fileID: 1243038804}
  m_GameObject: {fileID: 733092863}
  m_Enabled: 1
  m_EditorHideFlags: 0
  m_Script: {fileID: 11500000, guid: d587b71ba3b55e44f9654cec8898c32f, type: 3}
  m_Name: 
  m_EditorClassIdentifier: 
  PhysicsLayer: 31
  surfaceMaterial: {fileID: 2100000, guid: d698790d3facd3d4289a13fa1243030a, type: 2}
  autoStartObserver: 1
  drawVisualMeshes: 1
  castShadows: 0
--- !u!114 &733092866
MonoBehaviour:
  m_ObjectHideFlags: 0
  m_PrefabParentObject: {fileID: 114000012698980792, guid: 2ed75ffdf9031c94e8bce4b3d17b9928,
    type: 2}
  m_PrefabInternal: {fileID: 1243038804}
  m_GameObject: {fileID: 733092863}
  m_Enabled: 1
  m_EditorHideFlags: 0
  m_Script: {fileID: 11500000, guid: b2a98b181acba5549af3d852c7664623, type: 3}
  m_Name: 
  m_EditorClassIdentifier: 
  TrianglesPerCubicMeter: 500
  Extents: {x: 10, y: 10, z: 10}
  TimeBetweenUpdates: 3.5
--- !u!4 &733092867
Transform:
  m_ObjectHideFlags: 0
  m_PrefabParentObject: {fileID: 4000013298573622, guid: 2ed75ffdf9031c94e8bce4b3d17b9928,
    type: 2}
  m_PrefabInternal: {fileID: 1243038804}
  m_GameObject: {fileID: 733092863}
  m_LocalRotation: {x: 0, y: 0, z: 0, w: 1}
  m_LocalPosition: {x: 0, y: 0, z: 0}
  m_LocalScale: {x: 1, y: 1, z: 1}
  m_Children: []
  m_Father: {fileID: 0}
  m_RootOrder: 1
  m_LocalEulerAnglesHint: {x: 0, y: 0, z: 0}
--- !u!1001 &920116912
Prefab:
  m_ObjectHideFlags: 0
  serializedVersion: 2
  m_Modification:
    m_TransformParent: {fileID: 0}
    m_Modifications:
    - target: {fileID: 4000013382681936, guid: 5e76e513cfbb87a4285cfa0abb05afbd, type: 2}
      propertyPath: m_LocalPosition.x
      value: 0
      objectReference: {fileID: 0}
    - target: {fileID: 4000013382681936, guid: 5e76e513cfbb87a4285cfa0abb05afbd, type: 2}
      propertyPath: m_LocalPosition.y
      value: 0
      objectReference: {fileID: 0}
    - target: {fileID: 4000013382681936, guid: 5e76e513cfbb87a4285cfa0abb05afbd, type: 2}
      propertyPath: m_LocalPosition.z
      value: 0
      objectReference: {fileID: 0}
    - target: {fileID: 4000013382681936, guid: 5e76e513cfbb87a4285cfa0abb05afbd, type: 2}
      propertyPath: m_LocalRotation.x
      value: 0
      objectReference: {fileID: 0}
    - target: {fileID: 4000013382681936, guid: 5e76e513cfbb87a4285cfa0abb05afbd, type: 2}
      propertyPath: m_LocalRotation.y
      value: 0
      objectReference: {fileID: 0}
    - target: {fileID: 4000013382681936, guid: 5e76e513cfbb87a4285cfa0abb05afbd, type: 2}
      propertyPath: m_LocalRotation.z
      value: 0
      objectReference: {fileID: 0}
    - target: {fileID: 4000013382681936, guid: 5e76e513cfbb87a4285cfa0abb05afbd, type: 2}
      propertyPath: m_LocalRotation.w
      value: 1
      objectReference: {fileID: 0}
    - target: {fileID: 4000013382681936, guid: 5e76e513cfbb87a4285cfa0abb05afbd, type: 2}
      propertyPath: m_RootOrder
      value: 3
      objectReference: {fileID: 0}
    m_RemovedComponents: []
  m_ParentPrefab: {fileID: 100100000, guid: 5e76e513cfbb87a4285cfa0abb05afbd, type: 2}
  m_RootGameObject: {fileID: 2012580976}
  m_IsPrefabParent: 0
--- !u!1 &1037729525
GameObject:
  m_ObjectHideFlags: 0
  m_PrefabParentObject: {fileID: 1000010136702736, guid: d379ed0a5618c9f479f58bd83a2d0ad3,
    type: 2}
  m_PrefabInternal: {fileID: 1343547943}
  serializedVersion: 5
  m_Component:
  - component: {fileID: 1037729527}
  - component: {fileID: 1037729526}
  m_Layer: 0
  m_Name: JoystickXZTranslationAxis
  m_TagString: Untagged
  m_Icon: {fileID: 0}
  m_NavMeshLayer: 0
  m_StaticEditorFlags: 0
  m_IsActive: 1
--- !u!114 &1037729526
MonoBehaviour:
  m_ObjectHideFlags: 0
  m_PrefabParentObject: {fileID: 114000011221680894, guid: d379ed0a5618c9f479f58bd83a2d0ad3,
    type: 2}
  m_PrefabInternal: {fileID: 1343547943}
  m_GameObject: {fileID: 1037729525}
  m_Enabled: 0
  m_EditorHideFlags: 0
  m_Script: {fileID: 11500000, guid: d1b627838df61e64baecc87fee2dec17, type: 3}
  m_Name: 
  m_EditorClassIdentifier: 
  SensitivityScale: 3
  UseUnscaledTime: 1
  axisType: 0
  buttonType: 21
  InputManagerHorizontalAxisName: RightStickHorizontal
  InputManagerVerticalAxisName: RightStickVertical
  Axis0Destination: 0
  Axis1Destination: 4
  Axis2Destination: 6
--- !u!4 &1037729527
Transform:
  m_ObjectHideFlags: 0
  m_PrefabParentObject: {fileID: 4000010085977160, guid: d379ed0a5618c9f479f58bd83a2d0ad3,
    type: 2}
  m_PrefabInternal: {fileID: 1343547943}
  m_GameObject: {fileID: 1037729525}
  m_LocalRotation: {x: -0, y: -0, z: -0, w: 1}
  m_LocalPosition: {x: 0, y: 0, z: 0}
  m_LocalScale: {x: 1, y: 1, z: 1}
  m_Children: []
  m_Father: {fileID: 658057061}
  m_RootOrder: 9
  m_LocalEulerAnglesHint: {x: 0, y: 0, z: 0}
--- !u!1 &1161377747
GameObject:
  m_ObjectHideFlags: 0
  m_PrefabParentObject: {fileID: 1000011947540078, guid: d379ed0a5618c9f479f58bd83a2d0ad3,
    type: 2}
  m_PrefabInternal: {fileID: 1343547943}
  serializedVersion: 5
  m_Component:
  - component: {fileID: 1161377748}
  - component: {fileID: 1161377749}
  m_Layer: 0
  m_Name: MouseXZTranslationAxis
  m_TagString: Untagged
  m_Icon: {fileID: 0}
  m_NavMeshLayer: 0
  m_StaticEditorFlags: 0
  m_IsActive: 1
--- !u!4 &1161377748
Transform:
  m_ObjectHideFlags: 0
  m_PrefabParentObject: {fileID: 4000012378391282, guid: d379ed0a5618c9f479f58bd83a2d0ad3,
    type: 2}
  m_PrefabInternal: {fileID: 1343547943}
  m_GameObject: {fileID: 1161377747}
  m_LocalRotation: {x: 0, y: 0, z: 0, w: 1}
  m_LocalPosition: {x: 0, y: 0, z: 0}
  m_LocalScale: {x: 1, y: 1, z: 1}
  m_Children: []
  m_Father: {fileID: 658057061}
  m_RootOrder: 2
  m_LocalEulerAnglesHint: {x: 0, y: 0, z: 0}
--- !u!114 &1161377749
MonoBehaviour:
  m_ObjectHideFlags: 0
  m_PrefabParentObject: {fileID: 114000013988799740, guid: d379ed0a5618c9f479f58bd83a2d0ad3,
    type: 2}
  m_PrefabInternal: {fileID: 1343547943}
  m_GameObject: {fileID: 1161377747}
  m_Enabled: 1
  m_EditorHideFlags: 0
  m_Script: {fileID: 11500000, guid: d1b627838df61e64baecc87fee2dec17, type: 3}
  m_Name: 
  m_EditorClassIdentifier: 
  SensitivityScale: 3
  UseUnscaledTime: 1
  axisType: 12
  buttonType: 3
  InputManagerHorizontalAxisName: 
  InputManagerVerticalAxisName: 
  Axis0Destination: 4
  Axis1Destination: 6
  Axis2Destination: 6
--- !u!1001 &1243038804
Prefab:
  m_ObjectHideFlags: 0
  serializedVersion: 2
  m_Modification:
    m_TransformParent: {fileID: 0}
    m_Modifications:
    - target: {fileID: 4000013298573622, guid: 2ed75ffdf9031c94e8bce4b3d17b9928, type: 2}
      propertyPath: m_LocalPosition.x
      value: 0
      objectReference: {fileID: 0}
    - target: {fileID: 4000013298573622, guid: 2ed75ffdf9031c94e8bce4b3d17b9928, type: 2}
      propertyPath: m_LocalPosition.y
      value: 0
      objectReference: {fileID: 0}
    - target: {fileID: 4000013298573622, guid: 2ed75ffdf9031c94e8bce4b3d17b9928, type: 2}
      propertyPath: m_LocalPosition.z
      value: 0
      objectReference: {fileID: 0}
    - target: {fileID: 4000013298573622, guid: 2ed75ffdf9031c94e8bce4b3d17b9928, type: 2}
      propertyPath: m_LocalRotation.x
      value: 0
      objectReference: {fileID: 0}
    - target: {fileID: 4000013298573622, guid: 2ed75ffdf9031c94e8bce4b3d17b9928, type: 2}
      propertyPath: m_LocalRotation.y
      value: 0
      objectReference: {fileID: 0}
    - target: {fileID: 4000013298573622, guid: 2ed75ffdf9031c94e8bce4b3d17b9928, type: 2}
      propertyPath: m_LocalRotation.z
      value: 0
      objectReference: {fileID: 0}
    - target: {fileID: 4000013298573622, guid: 2ed75ffdf9031c94e8bce4b3d17b9928, type: 2}
      propertyPath: m_LocalRotation.w
      value: 1
      objectReference: {fileID: 0}
    - target: {fileID: 4000013298573622, guid: 2ed75ffdf9031c94e8bce4b3d17b9928, type: 2}
      propertyPath: m_RootOrder
      value: 1
      objectReference: {fileID: 0}
    m_RemovedComponents: []
  m_ParentPrefab: {fileID: 100100000, guid: 2ed75ffdf9031c94e8bce4b3d17b9928, type: 2}
  m_RootGameObject: {fileID: 733092863}
  m_IsPrefabParent: 0
--- !u!1 &1270902080
GameObject:
  m_ObjectHideFlags: 0
  m_PrefabParentObject: {fileID: 1000012618464992, guid: d379ed0a5618c9f479f58bd83a2d0ad3,
    type: 2}
  m_PrefabInternal: {fileID: 1343547943}
  serializedVersion: 5
  m_Component:
  - component: {fileID: 1270902081}
  - component: {fileID: 1270902082}
  m_Layer: 0
  m_Name: KeyboardXYTranslationAxis
  m_TagString: Untagged
  m_Icon: {fileID: 0}
  m_NavMeshLayer: 0
  m_StaticEditorFlags: 0
  m_IsActive: 1
--- !u!4 &1270902081
Transform:
  m_ObjectHideFlags: 0
  m_PrefabParentObject: {fileID: 4000011251444590, guid: d379ed0a5618c9f479f58bd83a2d0ad3,
    type: 2}
  m_PrefabInternal: {fileID: 1343547943}
  m_GameObject: {fileID: 1270902080}
  m_LocalRotation: {x: -0, y: -0, z: -0, w: 1}
  m_LocalPosition: {x: 0, y: 0, z: 0}
  m_LocalScale: {x: 1, y: 1, z: 1}
  m_Children: []
  m_Father: {fileID: 658057061}
  m_RootOrder: 5
  m_LocalEulerAnglesHint: {x: 0, y: 0, z: 0}
--- !u!114 &1270902082
MonoBehaviour:
  m_ObjectHideFlags: 0
  m_PrefabParentObject: {fileID: 114000012298662144, guid: d379ed0a5618c9f479f58bd83a2d0ad3,
    type: 2}
  m_PrefabInternal: {fileID: 1343547943}
  m_GameObject: {fileID: 1270902080}
  m_Enabled: 1
  m_EditorHideFlags: 0
  m_Script: {fileID: 11500000, guid: d1b627838df61e64baecc87fee2dec17, type: 3}
  m_Name: 
  m_EditorClassIdentifier: 
  SensitivityScale: 1
  UseUnscaledTime: 1
  axisType: 3
  buttonType: 21
  InputManagerHorizontalAxisName: 
  InputManagerVerticalAxisName: 
  Axis0Destination: 2
  Axis1Destination: 6
  Axis2Destination: 6
--- !u!1001 &1343547943
Prefab:
  m_ObjectHideFlags: 0
  serializedVersion: 2
  m_Modification:
    m_TransformParent: {fileID: 0}
    m_Modifications:
    - target: {fileID: 4000010560871102, guid: d379ed0a5618c9f479f58bd83a2d0ad3, type: 2}
      propertyPath: m_LocalPosition.x
      value: 0
      objectReference: {fileID: 0}
    - target: {fileID: 4000010560871102, guid: d379ed0a5618c9f479f58bd83a2d0ad3, type: 2}
      propertyPath: m_LocalPosition.y
      value: 0
      objectReference: {fileID: 0}
    - target: {fileID: 4000010560871102, guid: d379ed0a5618c9f479f58bd83a2d0ad3, type: 2}
      propertyPath: m_LocalPosition.z
      value: 0
      objectReference: {fileID: 0}
    - target: {fileID: 4000010560871102, guid: d379ed0a5618c9f479f58bd83a2d0ad3, type: 2}
      propertyPath: m_LocalRotation.x
      value: 0
      objectReference: {fileID: 0}
    - target: {fileID: 4000010560871102, guid: d379ed0a5618c9f479f58bd83a2d0ad3, type: 2}
      propertyPath: m_LocalRotation.y
      value: 0
      objectReference: {fileID: 0}
    - target: {fileID: 4000010560871102, guid: d379ed0a5618c9f479f58bd83a2d0ad3, type: 2}
      propertyPath: m_LocalRotation.z
      value: 0
      objectReference: {fileID: 0}
    - target: {fileID: 4000010560871102, guid: d379ed0a5618c9f479f58bd83a2d0ad3, type: 2}
      propertyPath: m_LocalRotation.w
      value: 1
      objectReference: {fileID: 0}
    - target: {fileID: 4000010560871102, guid: d379ed0a5618c9f479f58bd83a2d0ad3, type: 2}
      propertyPath: m_RootOrder
      value: 2
      objectReference: {fileID: 0}
    m_RemovedComponents: []
  m_ParentPrefab: {fileID: 100100000, guid: d379ed0a5618c9f479f58bd83a2d0ad3, type: 2}
  m_RootGameObject: {fileID: 156334589}
  m_IsPrefabParent: 0
--- !u!1 &1615710843
GameObject:
  m_ObjectHideFlags: 0
  m_PrefabParentObject: {fileID: 0}
  m_PrefabInternal: {fileID: 0}
  serializedVersion: 5
  m_Component:
  - component: {fileID: 1615710845}
  - component: {fileID: 1615710844}
  m_Layer: 0
  m_Name: Directional Light
  m_TagString: Untagged
  m_Icon: {fileID: 0}
  m_NavMeshLayer: 0
  m_StaticEditorFlags: 0
  m_IsActive: 1
--- !u!108 &1615710844
Light:
  m_ObjectHideFlags: 0
  m_PrefabParentObject: {fileID: 0}
  m_PrefabInternal: {fileID: 0}
  m_GameObject: {fileID: 1615710843}
  m_Enabled: 1
  serializedVersion: 7
  m_Type: 1
  m_Color: {r: 1, g: 0.95686275, b: 0.8392157, a: 1}
  m_Intensity: 1
  m_Range: 10
  m_SpotAngle: 30
  m_CookieSize: 10
  m_Shadows:
    m_Type: 2
    m_Resolution: -1
    m_CustomResolution: -1
    m_Strength: 1
    m_Bias: 0.05
    m_NormalBias: 0.4
    m_NearPlane: 0.2
  m_Cookie: {fileID: 0}
  m_DrawHalo: 0
  m_Flare: {fileID: 0}
  m_RenderMode: 0
  m_CullingMask:
    serializedVersion: 2
    m_Bits: 4294967295
  m_Lightmapping: 4
  m_AreaSize: {x: 1, y: 1}
  m_BounceIntensity: 1
  m_ShadowRadius: 0
  m_ShadowAngle: 0
--- !u!4 &1615710845
Transform:
  m_ObjectHideFlags: 0
  m_PrefabParentObject: {fileID: 0}
  m_PrefabInternal: {fileID: 0}
  m_GameObject: {fileID: 1615710843}
  m_LocalRotation: {x: 0.40821788, y: -0.23456968, z: 0.10938163, w: 0.8754261}
  m_LocalPosition: {x: 0, y: 3, z: 0}
  m_LocalScale: {x: 1, y: 1, z: 1}
  m_Children: []
  m_Father: {fileID: 0}
  m_RootOrder: 0
  m_LocalEulerAnglesHint: {x: 50, y: -30, z: 0}
--- !u!1 &1916887891
GameObject:
  m_ObjectHideFlags: 0
  m_PrefabParentObject: {fileID: 1000011337565444, guid: d379ed0a5618c9f479f58bd83a2d0ad3,
    type: 2}
  m_PrefabInternal: {fileID: 1343547943}
  serializedVersion: 5
  m_Component:
  - component: {fileID: 1916887892}
  - component: {fileID: 1916887893}
  m_Layer: 0
  m_Name: MouseXYRotationAxis
  m_TagString: Untagged
  m_Icon: {fileID: 0}
  m_NavMeshLayer: 0
  m_StaticEditorFlags: 0
  m_IsActive: 1
--- !u!4 &1916887892
Transform:
  m_ObjectHideFlags: 0
  m_PrefabParentObject: {fileID: 4000010590998566, guid: d379ed0a5618c9f479f58bd83a2d0ad3,
    type: 2}
  m_PrefabInternal: {fileID: 1343547943}
  m_GameObject: {fileID: 1916887891}
  m_LocalRotation: {x: 0, y: 0, z: 0, w: 1}
  m_LocalPosition: {x: 0, y: 0, z: 0}
  m_LocalScale: {x: 1, y: 1, z: 1}
  m_Children: []
  m_Father: {fileID: 658057061}
  m_RootOrder: 0
  m_LocalEulerAnglesHint: {x: 0, y: 0, z: 0}
--- !u!114 &1916887893
MonoBehaviour:
  m_ObjectHideFlags: 0
  m_PrefabParentObject: {fileID: 114000013933693316, guid: d379ed0a5618c9f479f58bd83a2d0ad3,
    type: 2}
  m_PrefabInternal: {fileID: 1343547943}
  m_GameObject: {fileID: 1916887891}
  m_Enabled: 1
  m_EditorHideFlags: 0
  m_Script: {fileID: 11500000, guid: d1b627838df61e64baecc87fee2dec17, type: 3}
  m_Name: 
  m_EditorClassIdentifier: 
  SensitivityScale: 4.5
  UseUnscaledTime: 1
  axisType: 11
  buttonType: 1
  InputManagerHorizontalAxisName: 
  InputManagerVerticalAxisName: 
  Axis0Destination: 0
  Axis1Destination: 2
  Axis2Destination: 6
--- !u!1 &2012580976
GameObject:
  m_ObjectHideFlags: 0
  m_PrefabParentObject: {fileID: 1000012046505862, guid: 5e76e513cfbb87a4285cfa0abb05afbd,
    type: 2}
  m_PrefabInternal: {fileID: 920116912}
  serializedVersion: 5
  m_Component:
  - component: {fileID: 2012580981}
  - component: {fileID: 2012580980}
  - component: {fileID: 2012580979}
  - component: {fileID: 2012580978}
  - component: {fileID: 2012580977}
  m_Layer: 0
  m_Name: RemoteMapping
  m_TagString: Untagged
  m_Icon: {fileID: 0}
  m_NavMeshLayer: 0
  m_StaticEditorFlags: 0
  m_IsActive: 1
--- !u!114 &2012580977
MonoBehaviour:
  m_ObjectHideFlags: 0
  m_PrefabParentObject: {fileID: 114000013862356290, guid: 5e76e513cfbb87a4285cfa0abb05afbd,
    type: 2}
  m_PrefabInternal: {fileID: 920116912}
  m_GameObject: {fileID: 2012580976}
  m_Enabled: 1
  m_EditorHideFlags: 0
  m_Script: {fileID: 11500000, guid: c96e5de2c5d6ff048a7008e554de2a56, type: 3}
  m_Name: 
  m_EditorClassIdentifier: 
  MeshFileName: roombackup
  LoadFileKey: 108
  SaveFileKey: 115
--- !u!114 &2012580978
MonoBehaviour:
  m_ObjectHideFlags: 0
  m_PrefabParentObject: {fileID: 114000012256053342, guid: 5e76e513cfbb87a4285cfa0abb05afbd,
    type: 2}
  m_PrefabInternal: {fileID: 920116912}
  m_GameObject: {fileID: 2012580976}
  m_Enabled: 1
  m_EditorHideFlags: 0
  m_Script: {fileID: 11500000, guid: e0e40e7a40c41984bbec8aaa64292522, type: 3}
  m_Name: 
  m_EditorClassIdentifier: 
  RemoteMappingKey: 110
  SendMeshesKeyword: send meshes
--- !u!114 &2012580979
MonoBehaviour:
  m_ObjectHideFlags: 0
  m_PrefabParentObject: {fileID: 114000010791004466, guid: 5e76e513cfbb87a4285cfa0abb05afbd,
    type: 2}
  m_PrefabInternal: {fileID: 920116912}
  m_GameObject: {fileID: 2012580976}
  m_Enabled: 1
  m_EditorHideFlags: 0
  m_Script: {fileID: 11500000, guid: f035d23cade9e364aa49c03bf785c6a7, type: 3}
  m_Name: 
  m_EditorClassIdentifier: 
  ServerIP: 
  ConnectionPort: 11000
--- !u!114 &2012580980
MonoBehaviour:
  m_ObjectHideFlags: 0
  m_PrefabParentObject: {fileID: 114000013950815180, guid: 5e76e513cfbb87a4285cfa0abb05afbd,
    type: 2}
  m_PrefabInternal: {fileID: 920116912}
  m_GameObject: {fileID: 2012580976}
  m_Enabled: 1
  m_EditorHideFlags: 0
  m_Script: {fileID: 11500000, guid: 44f5d303f60f1d14a8fe83f324ff52ff, type: 3}
  m_Name: 
  m_EditorClassIdentifier: 
  ServerIP: 
  ConnectionPort: 11000
--- !u!4 &2012580981
Transform:
  m_ObjectHideFlags: 0
  m_PrefabParentObject: {fileID: 4000013382681936, guid: 5e76e513cfbb87a4285cfa0abb05afbd,
    type: 2}
  m_PrefabInternal: {fileID: 920116912}
  m_GameObject: {fileID: 2012580976}
  m_LocalRotation: {x: 0, y: 0, z: 0, w: 1}
  m_LocalPosition: {x: 0, y: 0, z: 0}
  m_LocalScale: {x: 1, y: 1, z: 1}
  m_Children: []
  m_Father: {fileID: 0}
  m_RootOrder: 3
  m_LocalEulerAnglesHint: {x: 0, y: 0, z: 0}
--- !u!1 &2085751978
GameObject:
  m_ObjectHideFlags: 0
  m_PrefabParentObject: {fileID: 1000011026140476, guid: d379ed0a5618c9f479f58bd83a2d0ad3,
    type: 2}
  m_PrefabInternal: {fileID: 1343547943}
  serializedVersion: 5
  m_Component:
  - component: {fileID: 2085751979}
  - component: {fileID: 2085751980}
  m_Layer: 0
  m_Name: JoystickXYTranslationAxis
  m_TagString: Untagged
  m_Icon: {fileID: 0}
  m_NavMeshLayer: 0
  m_StaticEditorFlags: 0
  m_IsActive: 1
--- !u!4 &2085751979
Transform:
  m_ObjectHideFlags: 0
  m_PrefabParentObject: {fileID: 4000014150713462, guid: d379ed0a5618c9f479f58bd83a2d0ad3,
    type: 2}
  m_PrefabInternal: {fileID: 1343547943}
  m_GameObject: {fileID: 2085751978}
  m_LocalRotation: {x: -0, y: -0, z: -0, w: 1}
  m_LocalPosition: {x: 0, y: 0, z: 0}
  m_LocalScale: {x: 1, y: 1, z: 1}
  m_Children: []
  m_Father: {fileID: 658057061}
  m_RootOrder: 8
  m_LocalEulerAnglesHint: {x: 0, y: 0, z: 0}
--- !u!114 &2085751980
MonoBehaviour:
  m_ObjectHideFlags: 0
  m_PrefabParentObject: {fileID: 114000010160007858, guid: d379ed0a5618c9f479f58bd83a2d0ad3,
    type: 2}
  m_PrefabInternal: {fileID: 1343547943}
  m_GameObject: {fileID: 2085751978}
  m_Enabled: 0
  m_EditorHideFlags: 0
  m_Script: {fileID: 11500000, guid: d1b627838df61e64baecc87fee2dec17, type: 3}
  m_Name: 
  m_EditorClassIdentifier: 
  SensitivityScale: 3
  UseUnscaledTime: 1
  axisType: 0
  buttonType: 21
  InputManagerHorizontalAxisName: LeftTrigger
  InputManagerVerticalAxisName: RightTrigger
  Axis0Destination: 2
  Axis1Destination: 3
  Axis2Destination: 6
--- !u!1 &2090153736
GameObject:
  m_ObjectHideFlags: 0
  m_PrefabParentObject: {fileID: 1000012373135252, guid: d379ed0a5618c9f479f58bd83a2d0ad3,
    type: 2}
  m_PrefabInternal: {fileID: 1343547943}
  serializedVersion: 5
  m_Component:
  - component: {fileID: 2090153737}
  - component: {fileID: 2090153738}
  m_Layer: 0
  m_Name: KeyboardXYRotationAxis
  m_TagString: Untagged
  m_Icon: {fileID: 0}
  m_NavMeshLayer: 0
  m_StaticEditorFlags: 0
  m_IsActive: 1
--- !u!4 &2090153737
Transform:
  m_ObjectHideFlags: 0
  m_PrefabParentObject: {fileID: 4000011800569768, guid: d379ed0a5618c9f479f58bd83a2d0ad3,
    type: 2}
  m_PrefabInternal: {fileID: 1343547943}
  m_GameObject: {fileID: 2090153736}
  m_LocalRotation: {x: -0, y: -0, z: -0, w: 1}
  m_LocalPosition: {x: 0, y: 0, z: 0}
  m_LocalScale: {x: 1, y: 1, z: 1}
  m_Children: []
  m_Father: {fileID: 658057061}
  m_RootOrder: 3
  m_LocalEulerAnglesHint: {x: 0, y: 0, z: 0}
--- !u!114 &2090153738
MonoBehaviour:
  m_ObjectHideFlags: 0
  m_PrefabParentObject: {fileID: 114000012889557236, guid: d379ed0a5618c9f479f58bd83a2d0ad3,
    type: 2}
  m_PrefabInternal: {fileID: 1343547943}
  m_GameObject: {fileID: 2090153736}
  m_Enabled: 1
  m_EditorHideFlags: 0
  m_Script: {fileID: 11500000, guid: d1b627838df61e64baecc87fee2dec17, type: 3}
  m_Name: 
  m_EditorClassIdentifier: 
  SensitivityScale: 1
  UseUnscaledTime: 1
  axisType: 6
  buttonType: 21
  InputManagerHorizontalAxisName: 
  InputManagerVerticalAxisName: 
  Axis0Destination: 2
  Axis1Destination: 1
  Axis2Destination: 6
