%YAML 1.1
%TAG !u! tag:unity3d.com,2011:
--- !u!29 &1
OcclusionCullingSettings:
  m_ObjectHideFlags: 0
  serializedVersion: 2
  m_OcclusionBakeSettings:
    smallestOccluder: 5
    smallestHole: 0.25
    backfaceThreshold: 100
  m_SceneGUID: 00000000000000000000000000000000
  m_OcclusionCullingData: {fileID: 0}
--- !u!104 &2
RenderSettings:
  m_ObjectHideFlags: 0
  serializedVersion: 7
  m_Fog: 0
  m_FogColor: {r: 0.5, g: 0.5, b: 0.5, a: 1}
  m_FogMode: 3
  m_FogDensity: 0.01
  m_LinearFogStart: 0
  m_LinearFogEnd: 300
  m_AmbientSkyColor: {r: 0.212, g: 0.227, b: 0.259, a: 1}
  m_AmbientEquatorColor: {r: 0.114, g: 0.125, b: 0.133, a: 1}
  m_AmbientGroundColor: {r: 0.047, g: 0.043, b: 0.035, a: 1}
  m_AmbientIntensity: 1
  m_AmbientMode: 0
  m_SkyboxMaterial: {fileID: 10304, guid: 0000000000000000f000000000000000, type: 0}
  m_HaloStrength: 0.5
  m_FlareStrength: 1
  m_FlareFadeSpeed: 3
  m_HaloTexture: {fileID: 0}
  m_SpotCookie: {fileID: 10001, guid: 0000000000000000e000000000000000, type: 0}
  m_DefaultReflectionMode: 0
  m_DefaultReflectionResolution: 128
  m_ReflectionBounces: 1
  m_ReflectionIntensity: 1
  m_CustomReflection: {fileID: 0}
  m_Sun: {fileID: 0}
  m_IndirectSpecularColor: {r: 0, g: 0, b: 0, a: 1}
--- !u!157 &3
LightmapSettings:
  m_ObjectHideFlags: 0
  serializedVersion: 7
  m_GIWorkflowMode: 0
  m_GISettings:
    serializedVersion: 2
    m_BounceScale: 1
    m_IndirectOutputScale: 1
    m_AlbedoBoost: 1
    m_TemporalCoherenceThreshold: 1
    m_EnvironmentLightingMode: 0
    m_EnableBakedLightmaps: 1
    m_EnableRealtimeLightmaps: 1
  m_LightmapEditorSettings:
    serializedVersion: 4
    m_Resolution: 2
    m_BakeResolution: 40
    m_TextureWidth: 1024
    m_TextureHeight: 1024
    m_AO: 0
    m_AOMaxDistance: 1
    m_CompAOExponent: 1
    m_CompAOExponentDirect: 0
    m_Padding: 2
    m_LightmapParameters: {fileID: 0}
    m_LightmapsBakeMode: 1
    m_TextureCompression: 1
    m_DirectLightInLightProbes: 1
    m_FinalGather: 0
    m_FinalGatherFiltering: 1
    m_FinalGatherRayCount: 256
    m_ReflectionCompression: 2
  m_LightingDataAsset: {fileID: 0}
  m_RuntimeCPUUsage: 25
--- !u!196 &4
NavMeshSettings:
  serializedVersion: 2
  m_ObjectHideFlags: 0
  m_BuildSettings:
    serializedVersion: 2
    agentTypeID: 0
    agentRadius: 0.5
    agentHeight: 2
    agentSlope: 45
    agentClimb: 0.4
    ledgeDropHeight: 0
    maxJumpAcrossDistance: 0
    minRegionArea: 2
    manualCellSize: 0
    cellSize: 0.16666667
    accuratePlacement: 0
  m_NavMeshData: {fileID: 0}
--- !u!1 &148100163
GameObject:
  m_ObjectHideFlags: 0
  m_PrefabParentObject: {fileID: 1000012618464992, guid: d379ed0a5618c9f479f58bd83a2d0ad3,
    type: 2}
  m_PrefabInternal: {fileID: 174662396}
  serializedVersion: 5
  m_Component:
  - component: {fileID: 148100164}
  - component: {fileID: 148100165}
  m_Layer: 0
  m_Name: KeyboardXYTranslationAxis
  m_TagString: Untagged
  m_Icon: {fileID: 0}
  m_NavMeshLayer: 0
  m_StaticEditorFlags: 0
  m_IsActive: 1
--- !u!4 &148100164
Transform:
  m_ObjectHideFlags: 0
  m_PrefabParentObject: {fileID: 4000011251444590, guid: d379ed0a5618c9f479f58bd83a2d0ad3,
    type: 2}
  m_PrefabInternal: {fileID: 174662396}
  m_GameObject: {fileID: 148100163}
  m_LocalRotation: {x: -0, y: -0, z: -0, w: 1}
  m_LocalPosition: {x: 0, y: 0, z: 0}
  m_LocalScale: {x: 1, y: 1, z: 1}
  m_Children: []
  m_Father: {fileID: 980436372}
  m_RootOrder: 5
  m_LocalEulerAnglesHint: {x: 0, y: 0, z: 0}
--- !u!114 &148100165
MonoBehaviour:
  m_ObjectHideFlags: 0
  m_PrefabParentObject: {fileID: 114000012298662144, guid: d379ed0a5618c9f479f58bd83a2d0ad3,
    type: 2}
  m_PrefabInternal: {fileID: 174662396}
  m_GameObject: {fileID: 148100163}
  m_Enabled: 1
  m_EditorHideFlags: 0
  m_Script: {fileID: 11500000, guid: d1b627838df61e64baecc87fee2dec17, type: 3}
  m_Name: 
  m_EditorClassIdentifier: 
  SensitivityScale: 1
  UseUnscaledTime: 1
  axisType: 3
  buttonType: 21
  InputManagerHorizontalAxisName: 
  InputManagerVerticalAxisName: 
  Axis0Destination: 2
  Axis1Destination: 6
  Axis2Destination: 6
--- !u!1001 &174662396
Prefab:
  m_ObjectHideFlags: 0
  serializedVersion: 2
  m_Modification:
    m_TransformParent: {fileID: 0}
    m_Modifications:
    - target: {fileID: 4000010560871102, guid: d379ed0a5618c9f479f58bd83a2d0ad3, type: 2}
      propertyPath: m_LocalPosition.x
      value: 0
      objectReference: {fileID: 0}
    - target: {fileID: 4000010560871102, guid: d379ed0a5618c9f479f58bd83a2d0ad3, type: 2}
      propertyPath: m_LocalPosition.y
      value: 0
      objectReference: {fileID: 0}
    - target: {fileID: 4000010560871102, guid: d379ed0a5618c9f479f58bd83a2d0ad3, type: 2}
      propertyPath: m_LocalPosition.z
      value: 0
      objectReference: {fileID: 0}
    - target: {fileID: 4000010560871102, guid: d379ed0a5618c9f479f58bd83a2d0ad3, type: 2}
      propertyPath: m_LocalRotation.x
      value: 0
      objectReference: {fileID: 0}
    - target: {fileID: 4000010560871102, guid: d379ed0a5618c9f479f58bd83a2d0ad3, type: 2}
      propertyPath: m_LocalRotation.y
      value: 0
      objectReference: {fileID: 0}
    - target: {fileID: 4000010560871102, guid: d379ed0a5618c9f479f58bd83a2d0ad3, type: 2}
      propertyPath: m_LocalRotation.z
      value: 0
      objectReference: {fileID: 0}
    - target: {fileID: 4000010560871102, guid: d379ed0a5618c9f479f58bd83a2d0ad3, type: 2}
      propertyPath: m_LocalRotation.w
      value: 1
      objectReference: {fileID: 0}
    - target: {fileID: 4000010560871102, guid: d379ed0a5618c9f479f58bd83a2d0ad3, type: 2}
      propertyPath: m_RootOrder
      value: 2
      objectReference: {fileID: 0}
    m_RemovedComponents: []
  m_ParentPrefab: {fileID: 100100000, guid: d379ed0a5618c9f479f58bd83a2d0ad3, type: 2}
  m_RootGameObject: {fileID: 1765698591}
  m_IsPrefabParent: 0
--- !u!1 &903861883
GameObject:
  m_ObjectHideFlags: 0
  m_PrefabParentObject: {fileID: 1000011337565444, guid: d379ed0a5618c9f479f58bd83a2d0ad3,
    type: 2}
  m_PrefabInternal: {fileID: 174662396}
  serializedVersion: 5
  m_Component:
  - component: {fileID: 903861884}
  - component: {fileID: 903861885}
  m_Layer: 0
  m_Name: MouseXYRotationAxis
  m_TagString: Untagged
  m_Icon: {fileID: 0}
  m_NavMeshLayer: 0
  m_StaticEditorFlags: 0
  m_IsActive: 1
--- !u!4 &903861884
Transform:
  m_ObjectHideFlags: 0
  m_PrefabParentObject: {fileID: 4000010590998566, guid: d379ed0a5618c9f479f58bd83a2d0ad3,
    type: 2}
  m_PrefabInternal: {fileID: 174662396}
  m_GameObject: {fileID: 903861883}
  m_LocalRotation: {x: 0, y: 0, z: 0, w: 1}
  m_LocalPosition: {x: 0, y: 0, z: 0}
  m_LocalScale: {x: 1, y: 1, z: 1}
  m_Children: []
  m_Father: {fileID: 980436372}
  m_RootOrder: 0
  m_LocalEulerAnglesHint: {x: 0, y: 0, z: 0}
--- !u!114 &903861885
MonoBehaviour:
  m_ObjectHideFlags: 0
  m_PrefabParentObject: {fileID: 114000013933693316, guid: d379ed0a5618c9f479f58bd83a2d0ad3,
    type: 2}
  m_PrefabInternal: {fileID: 174662396}
  m_GameObject: {fileID: 903861883}
  m_Enabled: 1
  m_EditorHideFlags: 0
  m_Script: {fileID: 11500000, guid: d1b627838df61e64baecc87fee2dec17, type: 3}
  m_Name: 
  m_EditorClassIdentifier: 
  SensitivityScale: 4.5
  UseUnscaledTime: 1
  axisType: 11
  buttonType: 1
  InputManagerHorizontalAxisName: 
  InputManagerVerticalAxisName: 
  Axis0Destination: 0
  Axis1Destination: 2
  Axis2Destination: 6
--- !u!1 &980436371
GameObject:
  m_ObjectHideFlags: 0
  m_PrefabParentObject: {fileID: 1000011489060388, guid: d379ed0a5618c9f479f58bd83a2d0ad3,
    type: 2}
  m_PrefabInternal: {fileID: 174662396}
  serializedVersion: 5
  m_Component:
  - component: {fileID: 980436372}
  m_Layer: 0
  m_Name: GazeControls
  m_TagString: Untagged
  m_Icon: {fileID: 0}
  m_NavMeshLayer: 0
  m_StaticEditorFlags: 0
  m_IsActive: 1
--- !u!4 &980436372
Transform:
  m_ObjectHideFlags: 0
  m_PrefabParentObject: {fileID: 4000010510211078, guid: d379ed0a5618c9f479f58bd83a2d0ad3,
    type: 2}
  m_PrefabInternal: {fileID: 174662396}
  m_GameObject: {fileID: 980436371}
  m_LocalRotation: {x: 0, y: 0, z: 0, w: 1}
  m_LocalPosition: {x: 0, y: 0, z: 0}
  m_LocalScale: {x: 1, y: 1, z: 1}
  m_Children:
  - {fileID: 903861884}
  - {fileID: 1747364176}
  - {fileID: 2118195977}
  - {fileID: 1930397159}
  - {fileID: 1116989159}
  - {fileID: 148100164}
  - {fileID: 1692214221}
  - {fileID: 2115630725}
  - {fileID: 2126944663}
  - {fileID: 1063940367}
  m_Father: {fileID: 1765698597}
  m_RootOrder: 0
  m_LocalEulerAnglesHint: {x: 0, y: 0, z: 0}
--- !u!1 &1063940365
GameObject:
  m_ObjectHideFlags: 0
  m_PrefabParentObject: {fileID: 1000010136702736, guid: d379ed0a5618c9f479f58bd83a2d0ad3,
    type: 2}
  m_PrefabInternal: {fileID: 174662396}
  serializedVersion: 5
  m_Component:
  - component: {fileID: 1063940367}
  - component: {fileID: 1063940366}
  m_Layer: 0
  m_Name: JoystickXZTranslationAxis
  m_TagString: Untagged
  m_Icon: {fileID: 0}
  m_NavMeshLayer: 0
  m_StaticEditorFlags: 0
  m_IsActive: 1
--- !u!114 &1063940366
MonoBehaviour:
  m_ObjectHideFlags: 0
  m_PrefabParentObject: {fileID: 114000011221680894, guid: d379ed0a5618c9f479f58bd83a2d0ad3,
    type: 2}
  m_PrefabInternal: {fileID: 174662396}
  m_GameObject: {fileID: 1063940365}
  m_Enabled: 0
  m_EditorHideFlags: 0
  m_Script: {fileID: 11500000, guid: d1b627838df61e64baecc87fee2dec17, type: 3}
  m_Name: 
  m_EditorClassIdentifier: 
  SensitivityScale: 3
  UseUnscaledTime: 1
  axisType: 0
  buttonType: 21
  InputManagerHorizontalAxisName: RightStickHorizontal
  InputManagerVerticalAxisName: RightStickVertical
  Axis0Destination: 0
  Axis1Destination: 4
  Axis2Destination: 6
--- !u!4 &1063940367
Transform:
  m_ObjectHideFlags: 0
  m_PrefabParentObject: {fileID: 4000010085977160, guid: d379ed0a5618c9f479f58bd83a2d0ad3,
    type: 2}
  m_PrefabInternal: {fileID: 174662396}
  m_GameObject: {fileID: 1063940365}
  m_LocalRotation: {x: -0, y: -0, z: -0, w: 1}
  m_LocalPosition: {x: 0, y: 0, z: 0}
  m_LocalScale: {x: 1, y: 1, z: 1}
  m_Children: []
  m_Father: {fileID: 980436372}
  m_RootOrder: 9
  m_LocalEulerAnglesHint: {x: 0, y: 0, z: 0}
--- !u!1 &1116989158
GameObject:
  m_ObjectHideFlags: 0
  m_PrefabParentObject: {fileID: 1000013425959562, guid: d379ed0a5618c9f479f58bd83a2d0ad3,
    type: 2}
  m_PrefabInternal: {fileID: 174662396}
  serializedVersion: 5
  m_Component:
  - component: {fileID: 1116989159}
  - component: {fileID: 1116989160}
  m_Layer: 0
  m_Name: KeyboardXZRotationAxis
  m_TagString: Untagged
  m_Icon: {fileID: 0}
  m_NavMeshLayer: 0
  m_StaticEditorFlags: 0
  m_IsActive: 1
--- !u!4 &1116989159
Transform:
  m_ObjectHideFlags: 0
  m_PrefabParentObject: {fileID: 4000012536474926, guid: d379ed0a5618c9f479f58bd83a2d0ad3,
    type: 2}
  m_PrefabInternal: {fileID: 174662396}
  m_GameObject: {fileID: 1116989158}
  m_LocalRotation: {x: -0, y: -0, z: -0, w: 1}
  m_LocalPosition: {x: 0, y: 0, z: 0}
  m_LocalScale: {x: 1, y: 1, z: 1}
  m_Children: []
  m_Father: {fileID: 980436372}
  m_RootOrder: 4
  m_LocalEulerAnglesHint: {x: 0, y: 0, z: 0}
--- !u!114 &1116989160
MonoBehaviour:
  m_ObjectHideFlags: 0
  m_PrefabParentObject: {fileID: 114000014171224568, guid: d379ed0a5618c9f479f58bd83a2d0ad3,
    type: 2}
  m_PrefabInternal: {fileID: 174662396}
  m_GameObject: {fileID: 1116989158}
  m_Enabled: 1
  m_EditorHideFlags: 0
  m_Script: {fileID: 11500000, guid: d1b627838df61e64baecc87fee2dec17, type: 3}
  m_Name: 
  m_EditorClassIdentifier: 
  SensitivityScale: 1
  UseUnscaledTime: 1
  axisType: 7
  buttonType: 21
  InputManagerHorizontalAxisName: 
  InputManagerVerticalAxisName: 
  Axis0Destination: 5
  Axis1Destination: 4
  Axis2Destination: 6
--- !u!1001 &1243038804
Prefab:
  m_ObjectHideFlags: 0
  serializedVersion: 2
  m_Modification:
    m_TransformParent: {fileID: 0}
    m_Modifications:
    - target: {fileID: 4000013298573622, guid: 2ed75ffdf9031c94e8bce4b3d17b9928, type: 2}
      propertyPath: m_LocalPosition.x
      value: 0
      objectReference: {fileID: 0}
    - target: {fileID: 4000013298573622, guid: 2ed75ffdf9031c94e8bce4b3d17b9928, type: 2}
      propertyPath: m_LocalPosition.y
      value: 0
      objectReference: {fileID: 0}
    - target: {fileID: 4000013298573622, guid: 2ed75ffdf9031c94e8bce4b3d17b9928, type: 2}
      propertyPath: m_LocalPosition.z
      value: 0
      objectReference: {fileID: 0}
    - target: {fileID: 4000013298573622, guid: 2ed75ffdf9031c94e8bce4b3d17b9928, type: 2}
      propertyPath: m_LocalRotation.x
      value: 0
      objectReference: {fileID: 0}
    - target: {fileID: 4000013298573622, guid: 2ed75ffdf9031c94e8bce4b3d17b9928, type: 2}
      propertyPath: m_LocalRotation.y
      value: 0
      objectReference: {fileID: 0}
    - target: {fileID: 4000013298573622, guid: 2ed75ffdf9031c94e8bce4b3d17b9928, type: 2}
      propertyPath: m_LocalRotation.z
      value: 0
      objectReference: {fileID: 0}
    - target: {fileID: 4000013298573622, guid: 2ed75ffdf9031c94e8bce4b3d17b9928, type: 2}
      propertyPath: m_LocalRotation.w
      value: 1
      objectReference: {fileID: 0}
    - target: {fileID: 4000013298573622, guid: 2ed75ffdf9031c94e8bce4b3d17b9928, type: 2}
      propertyPath: m_RootOrder
      value: 1
      objectReference: {fileID: 0}
    - target: {fileID: 114000012149591842, guid: 2ed75ffdf9031c94e8bce4b3d17b9928,
        type: 2}
      propertyPath: roomModel
      value: 
      objectReference: {fileID: 100006, guid: c35ec8112ca03e04e904b72932bc97c5, type: 3}
    m_RemovedComponents: []
  m_ParentPrefab: {fileID: 100100000, guid: 2ed75ffdf9031c94e8bce4b3d17b9928, type: 2}
  m_RootGameObject: {fileID: 1285525646}
  m_IsPrefabParent: 0
--- !u!1 &1285525646
GameObject:
  m_ObjectHideFlags: 0
  m_PrefabParentObject: {fileID: 1000010302963436, guid: 2ed75ffdf9031c94e8bce4b3d17b9928,
    type: 2}
  m_PrefabInternal: {fileID: 1243038804}
  serializedVersion: 5
  m_Component:
  - component: {fileID: 1285525650}
  - component: {fileID: 1285525649}
  - component: {fileID: 1285525648}
  - component: {fileID: 1285525647}
  m_Layer: 0
  m_Name: SpatialMapping
  m_TagString: Untagged
  m_Icon: {fileID: 0}
  m_NavMeshLayer: 0
  m_StaticEditorFlags: 0
  m_IsActive: 1
--- !u!114 &1285525647
MonoBehaviour:
  m_ObjectHideFlags: 0
  m_PrefabParentObject: {fileID: 114000012149591842, guid: 2ed75ffdf9031c94e8bce4b3d17b9928,
    type: 2}
  m_PrefabInternal: {fileID: 1243038804}
  m_GameObject: {fileID: 1285525646}
  m_Enabled: 1
  m_EditorHideFlags: 0
  m_Script: {fileID: 11500000, guid: 13d883c0118351e4890753200e0ac916, type: 3}
  m_Name: 
  m_EditorClassIdentifier: 
  RoomModel: {fileID: 0}
--- !u!114 &1285525648
MonoBehaviour:
  m_ObjectHideFlags: 0
  m_PrefabParentObject: {fileID: 114000011154029958, guid: 2ed75ffdf9031c94e8bce4b3d17b9928,
    type: 2}
  m_PrefabInternal: {fileID: 1243038804}
  m_GameObject: {fileID: 1285525646}
  m_Enabled: 1
  m_EditorHideFlags: 0
  m_Script: {fileID: 11500000, guid: d587b71ba3b55e44f9654cec8898c32f, type: 3}
  m_Name: 
  m_EditorClassIdentifier: 
  PhysicsLayer: 31
  surfaceMaterial: {fileID: 2100000, guid: d698790d3facd3d4289a13fa1243030a, type: 2}
  autoStartObserver: 1
  drawVisualMeshes: 1
  castShadows: 0
--- !u!114 &1285525649
MonoBehaviour:
  m_ObjectHideFlags: 0
  m_PrefabParentObject: {fileID: 114000012698980792, guid: 2ed75ffdf9031c94e8bce4b3d17b9928,
    type: 2}
  m_PrefabInternal: {fileID: 1243038804}
  m_GameObject: {fileID: 1285525646}
  m_Enabled: 1
  m_EditorHideFlags: 0
  m_Script: {fileID: 11500000, guid: b2a98b181acba5549af3d852c7664623, type: 3}
  m_Name: 
  m_EditorClassIdentifier: 
  TrianglesPerCubicMeter: 500
  Extents: {x: 10, y: 10, z: 10}
  TimeBetweenUpdates: 3.5
--- !u!4 &1285525650
Transform:
  m_ObjectHideFlags: 0
  m_PrefabParentObject: {fileID: 4000013298573622, guid: 2ed75ffdf9031c94e8bce4b3d17b9928,
    type: 2}
  m_PrefabInternal: {fileID: 1243038804}
  m_GameObject: {fileID: 1285525646}
  m_LocalRotation: {x: 0, y: 0, z: 0, w: 1}
  m_LocalPosition: {x: 0, y: 0, z: 0}
  m_LocalScale: {x: 1, y: 1, z: 1}
  m_Children: []
  m_Father: {fileID: 0}
  m_RootOrder: 1
  m_LocalEulerAnglesHint: {x: 0, y: 0, z: 0}
--- !u!1 &1325178175
GameObject:
  m_ObjectHideFlags: 0
  m_PrefabParentObject: {fileID: 0}
  m_PrefabInternal: {fileID: 0}
  serializedVersion: 5
  m_Component:
  - component: {fileID: 1325178179}
  - component: {fileID: 1325178178}
  - component: {fileID: 1325178177}
  - component: {fileID: 1325178176}
  m_Layer: 0
  m_Name: SpatialProcessing
  m_TagString: Untagged
  m_Icon: {fileID: 0}
  m_NavMeshLayer: 0
  m_StaticEditorFlags: 0
  m_IsActive: 1
--- !u!114 &1325178176
MonoBehaviour:
  m_ObjectHideFlags: 0
  m_PrefabParentObject: {fileID: 0}
  m_PrefabInternal: {fileID: 0}
  m_GameObject: {fileID: 1325178175}
  m_Enabled: 1
  m_EditorHideFlags: 0
  m_Script: {fileID: 11500000, guid: d4077c41b4858904d8088a87ef45baed, type: 3}
  m_Name: 
  m_EditorClassIdentifier: 
  BoundsExpansion: 0.2
--- !u!114 &1325178177
MonoBehaviour:
  m_ObjectHideFlags: 0
  m_PrefabParentObject: {fileID: 0}
  m_PrefabInternal: {fileID: 0}
  m_GameObject: {fileID: 1325178175}
  m_Enabled: 1
  m_EditorHideFlags: 0
  m_Script: {fileID: 11500000, guid: acbc42345d6a90543ab66003022593fa, type: 3}
  m_Name: 
  m_EditorClassIdentifier: 
  ActivePlanes: []
  SurfacePlanePrefab: {fileID: 1000010593991404, guid: 184d6e9ce2d89844489583805253eb83,
    type: 2}
  MinArea: 0.025
  drawPlanesMask: 15
  destroyPlanesMask: 16
--- !u!114 &1325178178
MonoBehaviour:
  m_ObjectHideFlags: 0
  m_PrefabParentObject: {fileID: 0}
  m_PrefabInternal: {fileID: 0}
  m_GameObject: {fileID: 1325178175}
  m_Enabled: 1
  m_EditorHideFlags: 0
  m_Script: {fileID: 11500000, guid: 5b6523eb1277a7b44baf8ad27e52950c, type: 3}
  m_Name: 
  m_EditorClassIdentifier: 
  scanTime: 15
  defaultMaterial: {fileID: 2100000, guid: d698790d3facd3d4289a13fa1243030a, type: 2}
  secondaryMaterial: {fileID: 2100000, guid: df172103f5fba4a4d8636aeca60cb0d7, type: 2}
  minimumFloors: 1
--- !u!4 &1325178179
Transform:
  m_ObjectHideFlags: 0
  m_PrefabParentObject: {fileID: 0}
  m_PrefabInternal: {fileID: 0}
  m_GameObject: {fileID: 1325178175}
  m_LocalRotation: {x: 0, y: 0, z: 0, w: 1}
  m_LocalPosition: {x: 0, y: 0, z: 0}
  m_LocalScale: {x: 1, y: 1, z: 1}
  m_Children: []
  m_Father: {fileID: 0}
  m_RootOrder: 3
  m_LocalEulerAnglesHint: {x: 0, y: 0, z: 0}
--- !u!1 &1615710843
GameObject:
  m_ObjectHideFlags: 0
  m_PrefabParentObject: {fileID: 0}
  m_PrefabInternal: {fileID: 0}
  serializedVersion: 5
  m_Component:
  - component: {fileID: 1615710845}
  - component: {fileID: 1615710844}
  m_Layer: 0
  m_Name: Directional Light
  m_TagString: Untagged
  m_Icon: {fileID: 0}
  m_NavMeshLayer: 0
  m_StaticEditorFlags: 0
  m_IsActive: 1
--- !u!108 &1615710844
Light:
  m_ObjectHideFlags: 0
  m_PrefabParentObject: {fileID: 0}
  m_PrefabInternal: {fileID: 0}
  m_GameObject: {fileID: 1615710843}
  m_Enabled: 1
  serializedVersion: 7
  m_Type: 1
  m_Color: {r: 1, g: 0.95686275, b: 0.8392157, a: 1}
  m_Intensity: 1
  m_Range: 10
  m_SpotAngle: 30
  m_CookieSize: 10
  m_Shadows:
    m_Type: 2
    m_Resolution: -1
    m_CustomResolution: -1
    m_Strength: 1
    m_Bias: 0.05
    m_NormalBias: 0.4
    m_NearPlane: 0.2
  m_Cookie: {fileID: 0}
  m_DrawHalo: 0
  m_Flare: {fileID: 0}
  m_RenderMode: 0
  m_CullingMask:
    serializedVersion: 2
    m_Bits: 4294967295
  m_Lightmapping: 4
  m_AreaSize: {x: 1, y: 1}
  m_BounceIntensity: 1
  m_ShadowRadius: 0
  m_ShadowAngle: 0
--- !u!4 &1615710845
Transform:
  m_ObjectHideFlags: 0
  m_PrefabParentObject: {fileID: 0}
  m_PrefabInternal: {fileID: 0}
  m_GameObject: {fileID: 1615710843}
  m_LocalRotation: {x: 0.40821788, y: -0.23456968, z: 0.10938163, w: 0.8754261}
  m_LocalPosition: {x: 0, y: 3, z: 0}
  m_LocalScale: {x: 1, y: 1, z: 1}
  m_Children: []
  m_Father: {fileID: 0}
  m_RootOrder: 0
  m_LocalEulerAnglesHint: {x: 50, y: -30, z: 0}
--- !u!1 &1692214220
GameObject:
  m_ObjectHideFlags: 0
  m_PrefabParentObject: {fileID: 1000010956895450, guid: d379ed0a5618c9f479f58bd83a2d0ad3,
    type: 2}
  m_PrefabInternal: {fileID: 174662396}
  serializedVersion: 5
  m_Component:
  - component: {fileID: 1692214221}
  - component: {fileID: 1692214222}
  m_Layer: 0
  m_Name: KeyboardXZTranslationAxis
  m_TagString: Untagged
  m_Icon: {fileID: 0}
  m_NavMeshLayer: 0
  m_StaticEditorFlags: 0
  m_IsActive: 1
--- !u!4 &1692214221
Transform:
  m_ObjectHideFlags: 0
  m_PrefabParentObject: {fileID: 4000011708201582, guid: d379ed0a5618c9f479f58bd83a2d0ad3,
    type: 2}
  m_PrefabInternal: {fileID: 174662396}
  m_GameObject: {fileID: 1692214220}
  m_LocalRotation: {x: -0, y: -0, z: -0, w: 1}
  m_LocalPosition: {x: 0, y: 0, z: 0}
  m_LocalScale: {x: 1, y: 1, z: 1}
  m_Children: []
  m_Father: {fileID: 980436372}
  m_RootOrder: 6
  m_LocalEulerAnglesHint: {x: 0, y: 0, z: 0}
--- !u!114 &1692214222
MonoBehaviour:
  m_ObjectHideFlags: 0
  m_PrefabParentObject: {fileID: 114000012656745502, guid: d379ed0a5618c9f479f58bd83a2d0ad3,
    type: 2}
  m_PrefabInternal: {fileID: 174662396}
  m_GameObject: {fileID: 1692214220}
  m_Enabled: 1
  m_EditorHideFlags: 0
  m_Script: {fileID: 11500000, guid: d1b627838df61e64baecc87fee2dec17, type: 3}
  m_Name: 
  m_EditorClassIdentifier: 
  SensitivityScale: 3
  UseUnscaledTime: 1
  axisType: 0
  buttonType: 21
  InputManagerHorizontalAxisName: Horizontal
  InputManagerVerticalAxisName: Vertical
  Axis0Destination: 0
  Axis1Destination: 4
  Axis2Destination: 6
--- !u!1 &1747364175
GameObject:
  m_ObjectHideFlags: 0
  m_PrefabParentObject: {fileID: 1000012744789930, guid: d379ed0a5618c9f479f58bd83a2d0ad3,
    type: 2}
  m_PrefabInternal: {fileID: 174662396}
  serializedVersion: 5
  m_Component:
  - component: {fileID: 1747364176}
  - component: {fileID: 1747364177}
  m_Layer: 0
  m_Name: MouseXYTranslationAxis
  m_TagString: Untagged
  m_Icon: {fileID: 0}
  m_NavMeshLayer: 0
  m_StaticEditorFlags: 0
  m_IsActive: 1
--- !u!4 &1747364176
Transform:
  m_ObjectHideFlags: 0
  m_PrefabParentObject: {fileID: 4000010393938340, guid: d379ed0a5618c9f479f58bd83a2d0ad3,
    type: 2}
  m_PrefabInternal: {fileID: 174662396}
  m_GameObject: {fileID: 1747364175}
  m_LocalRotation: {x: -0, y: -0, z: -0, w: 1}
  m_LocalPosition: {x: 0, y: 0, z: 0}
  m_LocalScale: {x: 1, y: 1, z: 1}
  m_Children: []
  m_Father: {fileID: 980436372}
  m_RootOrder: 1
  m_LocalEulerAnglesHint: {x: 0, y: 0, z: 0}
--- !u!114 &1747364177
MonoBehaviour:
  m_ObjectHideFlags: 0
  m_PrefabParentObject: {fileID: 114000011359953050, guid: d379ed0a5618c9f479f58bd83a2d0ad3,
    type: 2}
  m_PrefabInternal: {fileID: 174662396}
  m_GameObject: {fileID: 1747364175}
  m_Enabled: 1
  m_EditorHideFlags: 0
  m_Script: {fileID: 11500000, guid: d1b627838df61e64baecc87fee2dec17, type: 3}
  m_Name: 
  m_EditorClassIdentifier: 
  SensitivityScale: 1
  UseUnscaledTime: 1
  axisType: 13
  buttonType: 21
  InputManagerHorizontalAxisName: 
  InputManagerVerticalAxisName: 
  Axis0Destination: 0
  Axis1Destination: 2
  Axis2Destination: 6
--- !u!1 &1765698591
GameObject:
  m_ObjectHideFlags: 0
  m_PrefabParentObject: {fileID: 1000011021619270, guid: d379ed0a5618c9f479f58bd83a2d0ad3,
    type: 2}
  m_PrefabInternal: {fileID: 174662396}
  serializedVersion: 5
  m_Component:
  - component: {fileID: 1765698597}
  - component: {fileID: 1765698596}
  - component: {fileID: 1765698595}
  - component: {fileID: 1765698594}
  - component: {fileID: 1765698593}
  - component: {fileID: 1765698592}
  m_Layer: 0
  m_Name: HoloLensCamera
  m_TagString: MainCamera
  m_Icon: {fileID: 0}
  m_NavMeshLayer: 0
  m_StaticEditorFlags: 0
  m_IsActive: 1
--- !u!114 &1765698592
MonoBehaviour:
  m_ObjectHideFlags: 0
  m_PrefabParentObject: {fileID: 114000013543835744, guid: d379ed0a5618c9f479f58bd83a2d0ad3,
    type: 2}
  m_PrefabInternal: {fileID: 174662396}
  m_GameObject: {fileID: 1765698591}
  m_Enabled: 1
  m_EditorHideFlags: 0
  m_Script: {fileID: 11500000, guid: 9cf6ab24363b7a74da25766ea8ba6809, type: 3}
  m_Name: 
  m_EditorClassIdentifier: 
  MouseSupported: 1
  MouseXYRotationAxisControl: {fileID: 903861885}
  MouseXYTranslationAxisControl: {fileID: 1747364177}
  MouseXZTranslationAxisControl: {fileID: 2118195978}
  KeyboardSupported: 1
  KeyboardXYRotationAxisControl: {fileID: 1930397160}
  KeyboardXZRotationAxisControl: {fileID: 1116989160}
  KeyboardXYTranslationAxisControl: {fileID: 148100165}
  KeyboardXZTranslationAxisControl: {fileID: 1692214222}
  JoystickSupported: 0
  JoystickXYRotationAxisControl: {fileID: 2115630726}
  JoystickXYTranslationAxisControl: {fileID: 2126944664}
  JoystickXZTranslationAxisControl: {fileID: 1063940366}
--- !u!81 &1765698593
AudioListener:
  m_ObjectHideFlags: 0
  m_PrefabParentObject: {fileID: 81000013783107718, guid: d379ed0a5618c9f479f58bd83a2d0ad3,
    type: 2}
  m_PrefabInternal: {fileID: 174662396}
  m_GameObject: {fileID: 1765698591}
  m_Enabled: 1
--- !u!124 &1765698594
Behaviour:
  m_ObjectHideFlags: 0
  m_PrefabParentObject: {fileID: 124000011504821460, guid: d379ed0a5618c9f479f58bd83a2d0ad3,
    type: 2}
  m_PrefabInternal: {fileID: 174662396}
  m_GameObject: {fileID: 1765698591}
  m_Enabled: 1
--- !u!92 &1765698595
Behaviour:
  m_ObjectHideFlags: 0
  m_PrefabParentObject: {fileID: 92000010221946138, guid: d379ed0a5618c9f479f58bd83a2d0ad3,
    type: 2}
  m_PrefabInternal: {fileID: 174662396}
  m_GameObject: {fileID: 1765698591}
  m_Enabled: 1
--- !u!20 &1765698596
Camera:
  m_ObjectHideFlags: 0
  m_PrefabParentObject: {fileID: 20000013304850028, guid: d379ed0a5618c9f479f58bd83a2d0ad3,
    type: 2}
  m_PrefabInternal: {fileID: 174662396}
  m_GameObject: {fileID: 1765698591}
  m_Enabled: 1
  serializedVersion: 2
  m_ClearFlags: 2
  m_BackGroundColor: {r: 0, g: 0, b: 0, a: 0}
  m_NormalizedViewPortRect:
    serializedVersion: 2
    x: 0
    y: 0
    width: 1
    height: 1
  near clip plane: 0.85
  far clip plane: 1000
  field of view: 16
  orthographic: 0
  orthographic size: 5
  m_Depth: -1
  m_CullingMask:
    serializedVersion: 2
    m_Bits: 4294967295
  m_RenderingPath: -1
  m_TargetTexture: {fileID: 0}
  m_TargetDisplay: 0
  m_TargetEye: 3
  m_HDR: 0
  m_OcclusionCulling: 1
  m_StereoConvergence: 10
  m_StereoSeparation: 0.022
  m_StereoMirrorMode: 0
--- !u!4 &1765698597
Transform:
  m_ObjectHideFlags: 0
  m_PrefabParentObject: {fileID: 4000010560871102, guid: d379ed0a5618c9f479f58bd83a2d0ad3,
    type: 2}
  m_PrefabInternal: {fileID: 174662396}
  m_GameObject: {fileID: 1765698591}
  m_LocalRotation: {x: 0, y: 0, z: 0, w: 1}
  m_LocalPosition: {x: 0, y: 0, z: 0}
  m_LocalScale: {x: 1, y: 1, z: 1}
  m_Children:
  - {fileID: 980436372}
  m_Father: {fileID: 0}
  m_RootOrder: 2
  m_LocalEulerAnglesHint: {x: 0, y: 0, z: 0}
--- !u!1 &1930397158
GameObject:
  m_ObjectHideFlags: 0
  m_PrefabParentObject: {fileID: 1000012373135252, guid: d379ed0a5618c9f479f58bd83a2d0ad3,
    type: 2}
  m_PrefabInternal: {fileID: 174662396}
  serializedVersion: 5
  m_Component:
  - component: {fileID: 1930397159}
  - component: {fileID: 1930397160}
  m_Layer: 0
  m_Name: KeyboardXYRotationAxis
  m_TagString: Untagged
  m_Icon: {fileID: 0}
  m_NavMeshLayer: 0
  m_StaticEditorFlags: 0
  m_IsActive: 1
--- !u!4 &1930397159
Transform:
  m_ObjectHideFlags: 0
  m_PrefabParentObject: {fileID: 4000011800569768, guid: d379ed0a5618c9f479f58bd83a2d0ad3,
    type: 2}
  m_PrefabInternal: {fileID: 174662396}
  m_GameObject: {fileID: 1930397158}
  m_LocalRotation: {x: -0, y: -0, z: -0, w: 1}
  m_LocalPosition: {x: 0, y: 0, z: 0}
  m_LocalScale: {x: 1, y: 1, z: 1}
  m_Children: []
  m_Father: {fileID: 980436372}
  m_RootOrder: 3
  m_LocalEulerAnglesHint: {x: 0, y: 0, z: 0}
--- !u!114 &1930397160
MonoBehaviour:
  m_ObjectHideFlags: 0
  m_PrefabParentObject: {fileID: 114000012889557236, guid: d379ed0a5618c9f479f58bd83a2d0ad3,
    type: 2}
  m_PrefabInternal: {fileID: 174662396}
  m_GameObject: {fileID: 1930397158}
  m_Enabled: 1
  m_EditorHideFlags: 0
  m_Script: {fileID: 11500000, guid: d1b627838df61e64baecc87fee2dec17, type: 3}
  m_Name: 
  m_EditorClassIdentifier: 
  SensitivityScale: 1
  UseUnscaledTime: 1
  axisType: 6
  buttonType: 21
  InputManagerHorizontalAxisName: 
  InputManagerVerticalAxisName: 
  Axis0Destination: 2
  Axis1Destination: 1
  Axis2Destination: 6
--- !u!1 &2115630724
GameObject:
  m_ObjectHideFlags: 0
  m_PrefabParentObject: {fileID: 1000014073514604, guid: d379ed0a5618c9f479f58bd83a2d0ad3,
    type: 2}
  m_PrefabInternal: {fileID: 174662396}
  serializedVersion: 5
  m_Component:
  - component: {fileID: 2115630725}
  - component: {fileID: 2115630726}
  m_Layer: 0
  m_Name: JoystickXYRotationAxis
  m_TagString: Untagged
  m_Icon: {fileID: 0}
  m_NavMeshLayer: 0
  m_StaticEditorFlags: 0
  m_IsActive: 1
--- !u!4 &2115630725
Transform:
  m_ObjectHideFlags: 0
  m_PrefabParentObject: {fileID: 4000012610367806, guid: d379ed0a5618c9f479f58bd83a2d0ad3,
    type: 2}
  m_PrefabInternal: {fileID: 174662396}
  m_GameObject: {fileID: 2115630724}
  m_LocalRotation: {x: -0, y: -0, z: -0, w: 1}
  m_LocalPosition: {x: 0, y: 0, z: 0}
  m_LocalScale: {x: 1, y: 1, z: 1}
  m_Children: []
  m_Father: {fileID: 980436372}
  m_RootOrder: 7
  m_LocalEulerAnglesHint: {x: 0, y: 0, z: 0}
--- !u!114 &2115630726
MonoBehaviour:
  m_ObjectHideFlags: 0
  m_PrefabParentObject: {fileID: 114000013649663976, guid: d379ed0a5618c9f479f58bd83a2d0ad3,
    type: 2}
  m_PrefabInternal: {fileID: 174662396}
  m_GameObject: {fileID: 2115630724}
  m_Enabled: 0
  m_EditorHideFlags: 0
  m_Script: {fileID: 11500000, guid: d1b627838df61e64baecc87fee2dec17, type: 3}
  m_Name: 
  m_EditorClassIdentifier: 
  SensitivityScale: 3
  UseUnscaledTime: 1
  axisType: 0
  buttonType: 21
  InputManagerHorizontalAxisName: LeftStickHorizontal
  InputManagerVerticalAxisName: LeftStickVertical
  Axis0Destination: 2
  Axis1Destination: 0
  Axis2Destination: 6
--- !u!1 &2118195976
GameObject:
  m_ObjectHideFlags: 0
  m_PrefabParentObject: {fileID: 1000011947540078, guid: d379ed0a5618c9f479f58bd83a2d0ad3,
    type: 2}
  m_PrefabInternal: {fileID: 174662396}
  serializedVersion: 5
  m_Component:
  - component: {fileID: 2118195977}
  - component: {fileID: 2118195978}
  m_Layer: 0
  m_Name: MouseXZTranslationAxis
  m_TagString: Untagged
  m_Icon: {fileID: 0}
  m_NavMeshLayer: 0
  m_StaticEditorFlags: 0
  m_IsActive: 1
--- !u!4 &2118195977
Transform:
  m_ObjectHideFlags: 0
  m_PrefabParentObject: {fileID: 4000012378391282, guid: d379ed0a5618c9f479f58bd83a2d0ad3,
    type: 2}
  m_PrefabInternal: {fileID: 174662396}
  m_GameObject: {fileID: 2118195976}
  m_LocalRotation: {x: 0, y: 0, z: 0, w: 1}
  m_LocalPosition: {x: 0, y: 0, z: 0}
  m_LocalScale: {x: 1, y: 1, z: 1}
  m_Children: []
  m_Father: {fileID: 980436372}
  m_RootOrder: 2
  m_LocalEulerAnglesHint: {x: 0, y: 0, z: 0}
--- !u!114 &2118195978
MonoBehaviour:
  m_ObjectHideFlags: 0
  m_PrefabParentObject: {fileID: 114000013988799740, guid: d379ed0a5618c9f479f58bd83a2d0ad3,
    type: 2}
  m_PrefabInternal: {fileID: 174662396}
  m_GameObject: {fileID: 2118195976}
  m_Enabled: 1
  m_EditorHideFlags: 0
  m_Script: {fileID: 11500000, guid: d1b627838df61e64baecc87fee2dec17, type: 3}
  m_Name: 
  m_EditorClassIdentifier: 
  SensitivityScale: 3
  UseUnscaledTime: 1
  axisType: 12
  buttonType: 3
  InputManagerHorizontalAxisName: 
  InputManagerVerticalAxisName: 
  Axis0Destination: 4
  Axis1Destination: 6
  Axis2Destination: 6
--- !u!1 &2126944662
GameObject:
  m_ObjectHideFlags: 0
  m_PrefabParentObject: {fileID: 1000011026140476, guid: d379ed0a5618c9f479f58bd83a2d0ad3,
    type: 2}
  m_PrefabInternal: {fileID: 174662396}
  serializedVersion: 5
  m_Component:
  - component: {fileID: 2126944663}
  - component: {fileID: 2126944664}
  m_Layer: 0
  m_Name: JoystickXYTranslationAxis
  m_TagString: Untagged
  m_Icon: {fileID: 0}
  m_NavMeshLayer: 0
  m_StaticEditorFlags: 0
  m_IsActive: 1
--- !u!4 &2126944663
Transform:
  m_ObjectHideFlags: 0
  m_PrefabParentObject: {fileID: 4000014150713462, guid: d379ed0a5618c9f479f58bd83a2d0ad3,
    type: 2}
  m_PrefabInternal: {fileID: 174662396}
  m_GameObject: {fileID: 2126944662}
  m_LocalRotation: {x: -0, y: -0, z: -0, w: 1}
  m_LocalPosition: {x: 0, y: 0, z: 0}
  m_LocalScale: {x: 1, y: 1, z: 1}
  m_Children: []
  m_Father: {fileID: 980436372}
  m_RootOrder: 8
  m_LocalEulerAnglesHint: {x: 0, y: 0, z: 0}
--- !u!114 &2126944664
MonoBehaviour:
  m_ObjectHideFlags: 0
  m_PrefabParentObject: {fileID: 114000010160007858, guid: d379ed0a5618c9f479f58bd83a2d0ad3,
    type: 2}
  m_PrefabInternal: {fileID: 174662396}
  m_GameObject: {fileID: 2126944662}
  m_Enabled: 0
  m_EditorHideFlags: 0
  m_Script: {fileID: 11500000, guid: d1b627838df61e64baecc87fee2dec17, type: 3}
  m_Name: 
  m_EditorClassIdentifier: 
  SensitivityScale: 3
  UseUnscaledTime: 1
  axisType: 0
  buttonType: 21
  InputManagerHorizontalAxisName: LeftTrigger
  InputManagerVerticalAxisName: RightTrigger
  Axis0Destination: 2
  Axis1Destination: 3
  Axis2Destination: 6
